@inproceedings{wuetal, 
    author = {Wu, Ruijin and Ozkan, Aysegul and Bennett, Antonette and
        Agbandje-Mckenna Mavis, and Sitharam, Meera},
    title = {Robustness measure for AAV2 is correctly predicted by
        configuration space atlasing using EASAL},
    booktitle = {Proceedings of ACM Bioinformatics and Comptutational
        Biology, Orlando}, 
    Year = 2012}


@article{Bertsimas:2004:SCP:1008731.1008733,
     author = {Bertsimas, Dimitris and Vempala, Santosh},
      title = {Solving convex programs by random walks},
       journal = {J. ACM},
        volume = {51},
         issue = {4},
          month = {July},
           year = {2004},
            issn = {0004-5411},
             pages = {540--556},
              numpages = {17},
               url = {http://doi.acm.org/10.1145/1008731.1008733},
                doi = {http://doi.acm.org/10.1145/1008731.1008733},
                 acmid = {1008733},
                  publisher = {ACM},
                   address = {New York, NY, USA},
                    keywords = {Convex programs, polynomial time, random
                        walks},
} 

@article{Perez_Castellanos_Rodriguez-Huete_Mateu_2011, title={Molecular
    Determinants of Self-Association and Rearrangement of a Trimeric
        Intermediate during the Assembly of a Parvovirus Capsid.},
    url={http://www.ncbi.nlm.nih.gov/pubmed/21867712}, journal={Journal of
        Molecular Biology}, publisher={Elsevier B.V.}, author={Pérez, Rebeca
            and Castellanos, Milagros and Rodríguez-Huete, Alicia and Mateu,
            Mauricio G}, year={2011}
}



@Unpublished{Anton,
      author =       {Bennett, Antonette and Agbandje-Mckenna, Mavis},
        title =        {Mutagenesis results for AAV4},
          note=          {unpublished}
          }



@article{Dyer:1991:RPA:102782.102783,
     author = {Dyer, Martin and Frieze, Alan and Kannan, Ravi},
      title = {A random polynomial-time algorithm for approximating the
          volume of convex bodies},
       journal = {J. ACM},
        issue_date = {Jan. 1991},
         volume = {38},
          issue = {1},
           month = {January},
            year = {1991},
             issn = {0004-5411},
              pages = {1--17},
               numpages = {17},
                url = {http://doi.acm.org/10.1145/102782.102783},
                 doi = {http://doi.acm.org/10.1145/102782.102783},
                  acmid = {102783},
                   publisher = {ACM},
                    address = {New York, NY, USA},
                     keywords = {convex sets, random walks, sampling,
                         volume},
} 





@article{Yao_Sun_Huang_Bowman_Singh_Lesnick_Guibas_Pande_Carlsson_2009,
    title={Topological methods for exploring low-density states in
        biomolecular folding pathways.}, volume={130},
    url={http://arxiv.org/abs/0812.3426}, number={14}, journal={The Journal
        of chemical physics}, publisher={American Institute of Physics},
    author={Yao, Yuan and Sun, Jian and Huang, Xuhui and Bowman, Gregory R
        and Singh, Gurjeet and Lesnick, Michael and Guibas, Leonidas J and
            Pande, Vijay S and Carlsson, Gunnar}, year={2009},
    pages={144115}}




@article{Lai_Su_Chen_Wang_2009, title={Uncovering the Properties of
    Energy-Weighted Conformation Space Networks with a
        Hydrophobic-Hydrophilic Model}, volume={10},
    url={http://www.ncbi.nlm.nih.gov/pubmed/19468340}, number={4},
    journal={International Journal of Molecular Sciences},
    publisher={Molecular Diversity Preservation International (MDPI)},
    author={Lai, Zaizhi and Su, Jiguo and Chen, Weizu and Wang, Cunxin},
    year={2009}, pages={1808--1823}}



@article{Varadhan_Kim_Krishnan_Manocha_2006, title={Topology preserving
    approximation of free configuration space},
    url={http://ieeexplore.ieee.org/lpdocs/epic03/wrapper.htm?arnumber=1642164},
    number={May}, journal={Robotics}, publisher={Ieee}, author={Varadhan, G
        and Kim, Y J and Krishnan, S and Manocha, D}, year={2006},
    pages={3041--3048}}


@article{Gfeller_DeLachapelle_DeLos_Rios_Caldarelli_Rao_2007,
    title={Uncovering the topology of configuration space networks.},
    volume={76}, url={http://arxiv.org/abs/0704.2699}, number={2 Pt 2},
    journal={Physical Review E - Statistical, Nonlinear and Soft Matter
        Physics}, publisher={APS}, author={Gfeller, David and De Lachapelle,
            David Morton and De Los Rios, Paolo and Caldarelli, Guido and
                Rao, Francesco}, year={2007}, pages={026113}}




@article{10.1371/journal.pcbi.1000415,
   author = {Prada-Gracia, Diego AND Gómez-Gardeñes, Jesús AND
   Echenique, Pablo AND Falo, Fernando},
   journal = {PLoS Comput Biol},
   publisher = {Public Library of Science},
   title = {Exploring the Free Energy Landscape: From
   Dynamics to Networks and Back},
   year = {2009},
   month = {06},
   volume = {5},
   pages = {e1000415},
   number = {6},
}        




@article{Lazaridis_2003, title={Effective energy function for proteins in
    lipid membranes.}, volume={52},
    url={http://www.ncbi.nlm.nih.gov/pubmed/12833542}, number={2},
    journal={Proteins}, author={Lazaridis, Themis}, year={2003},
    pages={176--192}}


@article{Lazaridis_Karplus_1999, title={Effective energy function for
    proteins in solution}, volume={35},
    number={2}, journal={Proteins}, publisher={Wiley Online Library},
    author={Lazaridis, T and Karplus, M}, year={1999}, pages={133--152}}

@article{Im_Feig_Brooks_2003, title={An implicit membrane generalized born
    theory for the study of structure, stability, and interactions of
        membrane proteins.}, volume={85},
    number={5}, journal={Biophysical Journal}, publisher={Biophysical
        Society}, author={Im, Wonpil and Feig, Michael and Brooks, Charles
            L}, year={2003}, pages={2900--2918}}

@article{doi:10.1021/jp2068123,
    author = {King, Bracken M. and Silver, Nathaniel W. and Tidor, Bruce},
    title = {Efficient Calculation of Molecular Configurational Entropies
        Using an Information Theoretic Approximation},
    journal = {The Journal of Physical Chemistry B},
    volume = {0},
    number = {ja},
    pages = {null},
    year = {0},
    doi = {10.1021/jp2068123},
    eprint = {http://pubs.acs.org/doi/pdf/10.1021/jp2068123}
}

@article{Head_Given_Gilson_1997,
   title={Mining Minima: Direct Computation of Conformational Free Energy},
   volume={101},
   url={http://pubs.acs.org/doi/abs/10.1021/jp963817g}, 
   number={8},
   journal={The Journal of Physical Chemistry A}, 
   publisher={ACS Publications}, 
   author={Head, Martha S and Given, James A and Gilson, Michael K}, 
   year={1997},
   pages={1609--1618}
}



@article{Killian_Yundenfreund_Kravitz_Gilson_2007, title={Extraction of
    configurational entropy from molecular simulations via an expansion
        approximation.}, volume={127},
    number={2}, journal={The Journal of chemical physics}, publisher={AMER
        INST PHYSICS}, author={Killian, Benjamin J and Yundenfreund Kravitz,
            Joslyn and Gilson, Michael K}, year={2007}, pages={024107}}


@article{Hensen_Lange_Grubmuller_2010, title={Estimating Absolute
    Configurational Entropies of Macromolecules: The Minimally Coupled
        Subspace Approach}, volume={5},
    number={2}, journal={PLoS ONE}, publisher={Public Library of Science},
    author={Hensen, Ulf and Lange, Oliver F and Grubmüller, Helmut},
    editor={Langowski, JörgEditor}, year={2010}, pages={8}}


@article{Hnizdo_Tan_Killian_Gilson_2008, title={Efficient calculation of
    configurational entropy from molecular simulations by combining the
        mutual-information expansion and nearest-neighbor methods.},
    volume={29},
    number={10}, journal={Journal of Computational Chemistry},
    publisher={Wiley Online Library}, author={Hnizdo, Vladimir and Tan, Jun
        and Killian, Benjamin J and Gilson, Michael K}, year={2008},
    pages={1605--1614}}


@article{Hnizdo_Darian_Fedorowicz_Demchuk_Li_Singh_2007,
    title={Nearest-neighbor nonparametric method for estimating the
        configurational entropy of complex molecules.}, volume={28},
    url={http://www.ncbi.nlm.nih.gov/pubmed/17195154}, number={3},
    journal={Journal of Computational Chemistry}, publisher={Wiley Online
        Library}, author={Hnizdo, Vladimir and Darian, Eva and Fedorowicz,
            Adam and Demchuk, Eugene and Li, Shengqiao and Singh,
            Harshinder}, year={2007}, pages={655--668}}

@article{Andricioaei_Karplus_2001, title={On the calculation of entropy from
    covariance matrices of the atomic fluctuations}, volume={115},
    number={14}, journal={The Journal of Chemical Physics},
    publisher={American Institute of Physics}, author={Andricioaei, Ioan and
        Karplus, Martin}, year={2001}, pages={6289}}

@article{Zhou_Gilson_2009, title={Theory of free energy and entropy in
    noncovalent binding.}, volume={109},
    url={http://www.ncbi.nlm.nih.gov/pubmed/19588959}, number={9},
    journal={Chemical Reviews}, publisher={American Chemical Society},
    author={Zhou, Huan-Xiang and Gilson, Michael K}, year={2009},
    pages={4092--107}}

@article{
    Vakser_FFT,
           Author = {Katchalskikatzir, E. and Shariv, I. and Eisenstein, M.
               and Friesem, A.
                   A. and Aflalo, C. and Vakser, I. A.},
              Title = {Molecular-Surface Recognition - Determination of
                  Geometric Fit between
                      Proteins and Their Ligands by Correlation Techniques},
                 Journal = {Proceedings of the National Academy of Sciences
                     of the United States
                         of America},
                    Volume = {89},
                       Number = {6},
                          Pages = {2195-2199},
                             Note = {Hj053
                                 Times Cited:484
                                     Cited References Count:29},
year = {1992}
}
@article{
ARMSTRONG2006,
   Author = {Armstrong, Neali and Jasti, Jaysankar and Beich-Frandsen, Mads and Gouaux, Eric},
   Title = {Measurement of Conformational Changes accompanying Desensitization in an Ionotropic Glutamate Receptor},
   Journal = {Cell},
   Volume = {127},
   Number = {1},
   Pages = {85-97},
   Note = {0092-8674
doi: DOI: 10.1016/j.cell.2006.08.037},
      Year = {2006} }



@article{
ARMSTRONG1998,
   Author = {Armstrong, N. and Sun, Y. and Chen, G.Q. and Gouaux, E.},
   Title = {Structure of a glutamate-receptor ligand-binding core in complex with kainate},
   Journal = {Nature},
   Volume = {395},
   Number = {6705},
   Pages = {913-917},
   Note = {TY  - JOUR
Journal Article OCT 29 133XT Gouaux E Columbia Univ, Dept Biochem \& Mol Biophys, 630 W 168th St, New York, NY 10032 USA NATURE
RP  - NOT IN FILE
AV  - Columbia Univ, Dept Biochem \& Mol Biophys, 630 W 168th St, New York, NY 10032 USA Columbia Univ, Dept Biochem \& Mol Biophys, New York, NY 10032 USA},
      Year = {1998} }



@article{
DINGLEDINE1999,
   Author = {Dingledine, R. and Borges, K. and Bowie, D. and Traynelis, S.F.},
   Title = {The glutamate receptor ion channels},
   Journal = {Pharmacological Reviews},
   Volume = {51},
   Number = {1},
   Pages = {7-61},
   Note = {TY  - JOUR
Journal Review MAR 173DG Dingledine R Emory Univ, Sch Med, Dept Pharmacol, 1510 Clifton Rd, Atlanta, GA 30322 USA PHARMACOL REV
RP  - NOT IN FILE
AV  - Emory Univ, Sch Med, Dept Pharmacol, 1510 Clifton Rd, Atlanta, GA 30322 USA Emory Univ, Sch Med, Dept Pharmacol, Atlanta, GA 30322 USA},
      Year = {1999} }



@article{
Dock_rev3,
   Author = {Fernández-Recio, Juan and Sternberg, Michael J. E.},
   Title = {The 4th meeting on the Critical Assessment of Predicted Interaction (CAPRI) held at the Mare Nostrum, Barcelona},
   Journal = {Prot.Struct.Func.Bioinfo.},
   Volume = {78},
   Number = {15},
   Pages = {3066},
   Note = {3065},
      Year = {2010} }



@article{
BenTal2002,
   Author = {Fleishman, S. J. and Ben-Tal, N.},
   Title = {A novel scoring function for predicting the conformations of tightly packed pairs of transmembrane alpha-helices},
   Journal = {J Mol Biol},
   Volume = {321},
   Number = {2},
   Pages = {363-78},
   Note = {Fleishman, Sarel J
Ben-Tal, Nir
Research Support, Non-U.S. Gov't
England
Journal of molecular biology
J Mol Biol. 2002 Aug 9;321(2):363-78.},
   Keywords = {Cell Membrane/metabolism
*Computer Simulation
Databases, Protein
Dimerization
Glycophorin/*chemistry/genetics/*metabolism
Humans
Hydrogen Bonding
Internet
Membrane Proteins/*chemistry/genetics/*metabolism
*Models, Molecular
Mutation/genetics
Protein Structure, Quaternary
Protein Structure, Secondary
Thermodynamics},
   Year = {2002} }



@article{
Vasanthi2010,
   Author = {Gonzalez, Jennifer and Du, Mei and Parameshwaran, Kodeeswaran and Suppiramaniam, Vishnu and Jayaraman, Vasanthi},
   Title = {Role of dimer interface in activation and desensitization in AMPA receptors},
   Journal = {Proceedings of the National Academy of Sciences},
   Volume = {107},
   Number = {21},
   Pages = {9891-9896},
      Year = {2010} }



@article{
Graf2004,
   Author = {Graf, P. and Kurnikova, M. G. and Coalson, R. D. and Nitzan, A.},
   Title = {Comparison of dynamic lattice Monte Carlo simulations and the dielectric self-energy Poisson-Nernst-Planck continuum theory for model ion channels},
   Journal = {Journal of Physical Chemistry B},
   Volume = {108},
   Number = {6},
   Pages = {2006-2015},
   Note = {Times Cited: 24},
      Year = {2004} }



@article{
Graf2000,
   Author = {Graf, P. and Nitzan, A. and Kurnikova, M. G. and Coalson, R. D.},
   Title = {A dynamic lattice Monte Carlo model of ion transport in inhomogeneous dielectric environments: Method and implementation},
   Journal = {Journal of Physical Chemistry B},
   Volume = {104},
   Number = {51},
   Pages = {12324-12338},
   Note = {Times Cited: 45},
      Year = {2000} }



@article{
Im2009,
   Author = {Im, W. and Lee, J. and Kim, T. and Rui, H.},
   Title = {Novel free energy calculations to explore mechanisms and energetics of membrane protein structure and function},
   Journal = {J Comput Chem},
   Volume = {30},
   Number = {11},
   Pages = {1622-33},
   Note = {Im, Wonpil
Lee, Jinhyuk
Kim, Taehoon
Rui, Huan
Research Support, Non-U.S. Gov't
Research Support, U.S. Gov't, Non-P.H.S.
United States
Journal of computational chemistry
J Comput Chem. 2009 Aug;30(11):1622-33.},
   Keywords = {Amino Acid Sequence
Computer Simulation
Dimyristoylphosphatidylcholine/chemistry/metabolism
Hydrophobicity
Membrane Proteins/*chemistry/*metabolism
Models, Molecular
Molecular Sequence Data
Peptides/chemistry/metabolism
Phosphatidylcholines/*chemistry/*metabolism
Protein Structure, Secondary
*Thermodynamics},
   Year = {2009} }



@article{
Dock_rev1,
   Author = {Janin, Joel},
   Title = {Protein-protein docking tested in blind predictions: the CAPRI experimentProtein-protein docking tested in blind predictions: the CAPRI experiment},
   Journal = {Mol. BioSyst.},
   Volume = {6},
   Number = {12},
   Pages = {2351-2362},
      Year = {2010} }



@article{
JOH2008,
   Author = {Joh, N. H. and Min, A. and Faham, S. and Whitelegge, J. P. and Yang, D. and Woods, V. L. and Bowie, J. U.},
   Title = {Modest stabilization by most hydrogen-bonded side-chain interactions in membrane proteins},
   Journal = {Nature},
   Volume = {453},
   Number = {7199},
   Pages = {1266-U73},
   Note = {318FA
Times Cited:24
Cited References Count:40},
   Keywords = {exchange mass-spectrometry
transmembrane helices
crystal-structure
polar residues
stability
mutations
nmr
bacteriorhodopsin
association
resolution},
   Year = {2008} }



@article{
JOS2009,
   Author = {Joh, N. H. and Oberai, A. and Yang, D. and Whitelegge, J. P. and Bowie, J. U.},
   Title = {Similar energetic contributions of packing in the core of membrane and water-soluble proteins},
   Journal = {J Am Chem Soc},
   Volume = {131},
   Number = {31},
   Pages = {10846-7},
   Note = {Joh, Nathan H
Oberai, Amit
Yang, Duan
Whitelegge, Julian P
Bowie, James U
R01 GM063919/GM/NIGMS NIH HHS/United States
R01 GM081783/GM/NIGMS NIH HHS/United States
Research Support, N.I.H., Extramural
United States
Journal of the American Chemical Society
J Am Chem Soc. 2009 Aug 12;131(31):10846-7.},
   Keywords = {Hydrophobicity
Membrane Proteins/*chemistry
*Models, Chemical
Mutation
*Protein Folding
Proteins/*chemistry
Solubility},
   Year = {2009} }



@article{
LAGOSH2009,
   Author = {Langosch, D. and Arkin, I. T.},
   Title = {Interaction and conformational dynamics of membrane-spanning protein helices},
   Journal = {Protein Sci},
   Volume = {18},
   Number = {7},
   Pages = {1343-58},
   Note = {Langosch, Dieter
Arkin, Isaiah T
Research Support, Non-U.S. Gov't
Review
United States
Protein science : a publication of the Protein Society
Protein Sci. 2009 Jul;18(7):1343-58.},
   Keywords = {Cell Membrane/chemistry/metabolism
Membrane Proteins/*chemistry/metabolism
Models, Molecular
Protein Interaction Domains and Motifs
Protein Multimerization
Protein Structure, Secondary},
   Year = {2009} }



@article{
Liu2004,
   Author = {Liu, W. and Eilers, M. and Patel, A. B. and Smith, S. O.},
   Title = {Helix packing moments reveal diversity and conservation in membrane protein structure},
   Journal = {J Mol Biol},
   Volume = {337},
   Number = {3},
   Pages = {713-29},
   Note = {Liu, Wei
Eilers, Markus
Patel, Ashish B
Smith, Steven O
GM 41412/GM/NIGMS NIH HHS/United States
GM 46732/GM/NIGMS NIH HHS/United States
Research Support, U.S. Gov't, P.H.S.
England
Journal of molecular biology
J Mol Biol. 2004 Mar 26;337(3):713-29.},
   Keywords = {Hydrophobicity
Membrane Proteins/*chemistry
Membrane Transport Proteins/chemistry
Protein Structure, Secondary
Receptors, G-Protein-Coupled/chemistry
Rhodopsin/chemistry
Structural Homology, Protein},
   Year = {2004} }



@article{
Thorpe2005,
   Author = {Mamonova, T. and Hespenheide, B. and Straub, R. and Thorpe, M. F. and Kurnikova, M.},
   Title = {Protein flexibility using constraints from molecular dynamics simulations},
   Journal = {Physical Biology},
   Volume = {2},
   Number = {4},
   Pages = {S137-S147},
   Note = {Times Cited: 12
Sp. Iss. SI},
      Year = {2005} }



@article{
AHL_BCD,
   Author = {Mamonova, T. and Kurnikova, M.},
   Title = {Structure and energetics of channel-forming protein-polysaccharide complexes inferred via computational statistical thermodynamics},
   Journal = {Journal of Physical Chemistry B},
   Volume = {110},
   Number = {49},
   Pages = {25091-25100},
   Note = {Times Cited: 3},
      Year = {2006} }



@article{
GluR_prot2008,
   Author = {Mamonova, T. and Speranskiy, K. and Kurnikova, M.},
   Title = {Interplay between structural rigidity and electrostatic interactions in the ligand binding domain of GluR2},
   Journal = {Proteins-Structure Function and Bioinformatics},
   Volume = {73},
   Number = {3},
   Pages = {656-671},
   Note = {Times Cited: 0},
      Year = {2008} }



@article{
GluR_Biochem2008,
   Author = {Mamonova, T. and Yonkunas, M. J. and Kurnikova, M. G.},
   Title = {Energetics of the cleft closing transition and the role of electrostatic interactions in conformational rearrangements of the glutamate receptor ligand binding domain},
   Journal = {Biochemistry},
   Volume = {47},
   Number = {42},
   Pages = {11077-11085},
   Note = {Times Cited: 2},
      Year = {2008} }



@article{
Oxana1,
   Author = {Mamonova, T. B. and Glyakina, A. V. and Kurnikova, M. G. and Galzitskaya, O. V.},
   Title = {Flexibility and mobility in mesophilic and thermophilic homologous proteins from molecular dynamics and FoldUnfold method},
   Journal = {J Bioinform Comput Biol},
   Volume = {8},
   Number = {3},
   Pages = {377-94},
   Note = {0219-7200 (Print)
0219-7200 (Linking)
Journal Article
Research Support, N.I.H., Extramural
Research Support, Non-U.S. Gov't
Research Support, U.S. Gov't, Non-P.H.S.},
   Keywords = {*Algorithms
Amino Acid Sequence
Computer Simulation
*Models, Chemical
*Models, Molecular
Molecular Sequence Data
Protein Conformation
Protein Denaturation
Protein Folding
Proteome/*chemistry/*ultrastructure
Sequence Analysis, Protein/*methods
Structure-Activity Relationship},
   Year = {2010} }



@article{
Plested2009,
   Author = {Plested, Andrew J. R. and Mayer, Mark L.},
   Title = {AMPA Receptor Ligand Binding Domain Mobility Revealed by Functional Cross Linking},
   Journal = {J. Neurosci.},
   Volume = {29},
   Number = {38},
   Pages = {11912-11923},
      Year = {2009} }



@article{
Arvind2010,
   Author = {Ramanathan, A. and Agarwal, P. K. and Kurnikova, M. and Langmead, C. J.},
   Title = {An online approach for mining collective behaviors from molecular dynamics simulations},
   Journal = {J Comput Biol},
   Volume = {17},
   Number = {3},
   Pages = {309-24},
   Note = {1557-8666 (Electronic)
1066-5277 (Linking)
Journal Article
Research Support, Non-U.S. Gov't
Research Support, U.S. Gov't, Non-P.H.S.},
   Keywords = {Amino Acids/analysis
Computational Biology/*methods
Cyclophilin A/chemistry
Data Mining/*methods
Hydrogen Bonding
*Internet
*Molecular Dynamics Simulation
Pliability
Protein Structure, Secondary
Proteins/*analysis/chemistry
Ribonucleases/chemistry},
   Year = {2010} }



@article{
Dock_rev2,
   Author = {Ritchie, David W.},
   Title = {Recent Progress and Future Directions in Protein-Protein Docking},
   Journal = {Current Protein and Peptide Science},
   Volume = {9},
   Pages = {1-15},
   Note = {doi:10.2174/138920308783565741},
      Year = {2008} }



@article{
Kolya2010,
   Author = {Simakov, N. A. and Kurnikova, M. G.},
   Title = {Soft wall ion channel in continuum representation with application to modeling ion currents in alpha-hemolysin},
   Journal = {J Phys Chem B},
   Volume = {114},
   Number = {46},
   Pages = {15180-90},
   Note = {1520-5207 (Electronic)
1520-5207 (Linking)
Journal Article
Research Support, N.I.H., Extramural
Research Support, Non-U.S. Gov't
Research Support, U.S. Gov't, Non-P.H.S.},
      Year = {2010} }



@article{
XrayAMPA2009,
   Author = {Sobolevsky, A. I. and Rosconi, M. P. and Gouaux, E.},
   Title = {X-ray structure, symmetry and mechanism of an AMPA-subtype glutamate receptor},
   Journal = {Nature},
   Volume = {462},
   Number = {7274},
   Pages = {745-56},
   Note = {1476-4687 (Electronic)
0028-0836 (Linking)
Journal Article
Research Support, N.I.H., Extramural
Research Support, Non-U.S. Gov't},
   Keywords = {Animals
Cell Line
Crystallization
Crystallography, X-Ray
Ion Channel Gating
Models, Molecular
Potassium Channels/chemistry/metabolism
Protein Conformation
Protein Subunits/chemistry/metabolism
Rats
Receptors, AMPA/antagonists & inhibitors/*chemistry/*metabolism
alpha-Amino-3-hydroxy-5-methyl-4-isoxazolepropionic Acid/metabolism},
   Year = {2009} }



@article{
Kiril_GlyR,
   Author = {Speranskiy, K. and Cascio, M. and Kurnikova, M.},
   Title = {Homology Modeling and molecular dynamics simulations of the glycine receptor ligand binding domain},
   Journal = {Proteins-Structure Function and Bioinformatics},
   Volume = {67},
   Number = {4},
   Pages = {950-960},
   Note = {Times Cited: 7},
      Year = {2007} }



@article{
Kiril_pept,
   Author = {Speranskiy, K. and Kurnikova, M. G.},
   Title = {Modeling of peptides connecting the ligand-binding and transmembrane domains in the GluR2 glutamate receptor},
   Journal = {Prot.Struct.Func.Bioinf.},
   Volume = {76},
   Number = {2},
   Pages = {271-280},
   Note = {Times Cited: 0},
      Year = {2009} }



@article{
STERNBACH1998,
   Author = {Stern-Bach, Y. and Russo, S. and Neuman, M. and Rosenmund, C.},
   Title = {A point mutation in the glutamate binding site blocks desensitization of AMPA receptors},
   Journal = {Neuron},
   Volume = {21},
   Number = {4},
   Pages = {907-918},
   Note = {TY  - JOUR
Journal Article OCT 133QM Rosenmund C Max Planck Inst Biophys Chem, Workgrp Cellular Neurobiol, Fassberg, D-37070 Gottingen, Germany NEURON
RP  - NOT IN FILE
AV  - Max Planck Inst Biophys Chem, Workgrp Cellular Neurobiol, Fassberg, D-37070 Gottingen, Germany Max Planck Inst Biophys Chem, Workgrp Cellular Neurobiol, D-37070 Gottingen, Germany Hebrew Univ Jerusalem, Hadassah Sch Dent Med, Dept Anat \& Cell Biol, IL-91120 Jerusalem, Israel Max Planck Inst Biophys Chem, Dept Membrane Biophys, D-37070 Gottingen, Germany},
      Year = {1998} }



@article{
Sun2002,
   Author = {Sun, Yu and Olson, Rich and Horning, Michelle and Armstrong, Neali and Mayer, Mark and Gouaux, Eric},
   Title = {Mechanism of glutamate receptor desensitization},
   Journal = {Nature},
   Volume = {417},
   Number = {6886},
   Pages = {245-253},
   Note = {0028-0836
10.1038/417245a
10.1038/417245a},
      Year = {2002} }



@article{
Vajda_rev2009,
   Author = {Vajda, Sandor and Kozakov, Dima},
   Title = {Convergence and combination of methods in protein-protein docking},
   Journal = {Current Opinion in Structural Biology},
   Volume = {19},
   Number = {2},
   Pages = {164 -170},
      Year = {2009} }



@article{
GOHLKE2008,
   Author = {Wendel, Christina and Holger, Gohlke},
   Title = {Predicting transmembrane helix pair configurations with knowledge-based distance-dependent pair potentials},
   Journal = {Proteins Structure Function Bioinformatics},
   Volume = {70},
   Pages = {984-999},
   Year = {2008} }



@article{
Mike2011,
   Author = {Yonkunas, Michael and Kurnikova, Maria},
   Title = {Characterizing the Energetic States of the GluR2 Ligand Binding Domain Core-Dimer},
   Journal = {Biophysical Journal},
   Volume = {100},
   Number = {2},
   Pages = {L5-L7},
   Note = {0006-3495
doi: DOI: 10.1016/j.bpj.2010.10.048},
      Year = {2011} }



@article{
DEGRADO2009,
   Author = {Zhang, Y. and Kulp, D. W. and Lear, J. D. and DeGrado, W. F.},
   Title = {Experimental and computational evaluation of forces directing the association of transmembrane helices},
   Journal = {J Am Chem Soc},
   Volume = {131},
   Number = {32},
   Pages = {11341-3},
   Note = {Zhang, Yao
Kulp, Daniel W
Lear, James D
DeGrado, William F
GM60610/GM/NIGMS NIH HHS/United States
Research Support, N.I.H., Extramural
United States
Journal of the American Chemical Society
J Am Chem Soc. 2009 Aug 19;131(32):11341-3.},
      Year = {2009} }



@article{
DFIRE,
   Author = {Zhou, H. Y. and Zhou, Y. Q.},
   Title = {Distance-scaled, finite ideal-gas reference state improves structure-derived potentials of mean force for structure selection and stability prediction},
   Journal = {Protein Science},
   Volume = {11},
   Number = {11},
   Pages = {2714-2726},
   Note = {606NG
Times Cited:229
Cited References Count:61},
   Keywords = {knowledge-based potential
decoy sets
ideal-gas reference state
protein-structure prediction
x-ray crystallography
tertiary structures
globular-proteins
genetic algorithms
energy functions
native folds
simulation
sequence
binding},
   Year = {2002} }



@PhDThesis{bib:Gao08,
  author = "H. Gao",
  title = "Geometric Under-Constraints",
  year = "2008",
  school = "University of Florida",
  address = "CISE dept., Gainesville, FL"}
  }

@article{bib:connelly,
author = "Robert Connelly",
title = {Generic Global Rigidity},
journal = {Disc. Comp. Grom.}, 
volume = {33},
pages = "549--563", 
year = {2005}
}

@article{bib:alfakih99,
author = "A.~Y.~Alfakih and A. Khandani and H. Wolkowicz",
title = {Solving Euclidean Distance Matrix Completion Problems via Semidefinite Programming},
journal = {Comput. Optim. Appl.}, 
volume = {12},
pages = "13--30", 
year = "1999"
}

@article{bib:jackson05,
author = {Bill Jackson and Tibor Jord{\'a}n},
title =  {Connected rigidity matroids and unique realizations of graphs},
journal = {J. Comb. Theory, Ser. B}, 
volume = "94",
pages = "1-29", 
year = "2005"
}

@article{bib:jackson06,
author = {Bill Jackson and Tibor Jord{\'a}n and Zoltan Szabadka},
title =  {Globally linked pairs of vertices in equivalent realizations of
    graphs},
journal = {Disc. Comp. Geom.}, 
volume = "35",
pages = "493-512", 
year = "2006"
}


@inproceedings{Scarr-site,
    author = "Graham Scarr",
    title = "Tensegrity in Biology",
        url = {http://www.tensegrityinbiology.co.uk/biology.html}
}
@inproceedings{biotensegrity-site,
    author = "S. Levin",
    title = "BioTensegrity",
        url =
        {http://tensegrity.wikispaces.com/Biotensegrity#Molecular\%20biotensegrity}
} 

@article{Ingber1,
    title = "Tensegrity and mechanoregulation: from skeleton to
        cytoskeleton",
    journal = "Osteoarthritis and Cartilage",
    volume = "7",
    number = "1",
    pages = "81 - 94",
    year = "1999",
    note = "",
    issn = "1063-4584",
    doi = "DOI: 10.1053/joca.1998.0164",
    url =
        "http://www.sciencedirect.com/science/article/B6WP3-45JBB44-K/2/d023750c4f528f1bc35b047a44b64ce5",
    author = "Christopher S. Chen and Donald E. Ingber",
    keywords = "Tensegrity, Mechanotransduction, Cytoskeleton, Extracellular
        matrix, Integrins, Anatomy"
}



@inproceedings{canny,
     author = {Canny, John F.},
      title = {Computing Roadmaps of General Semi-Algebraic Sets},
       booktitle = {AAECC-9: Proceedings of the 9th International Symposium,
           on
               Applied Algebra, Algebraic Algorithms and Error-Correcting
               Codes},
        year = {1991},
         isbn = {3-540-54522-0},
          pages = {94--107},
           publisher = {Springer-Verlag},
            address = {London, UK},
             }

@article{AvFu,
     author = {Avis, David and Fukuda, Komei},
      title = {Reverse search for enumeration},
       journal = {Discrete Appl. Math.},
        volume = {65},
         issue = {1-3},
          month = {March},
           year = {1996},
            issn = {0166-218X},
             pages = {21--46},
              numpages = {26},
               url = {http://portal.acm.org/citation.cfm?id=230094.230098},
                doi = {10.1016/0166-218X(95)00026-N},
                 acmid = {230098},
                  publisher = {Elsevier Science Publishers B. V.},
                   address = {Amsterdam, The Netherlands, The Netherlands}
} 


@unpublished{ugandhar,
  author = "U. Chittamuru",
  title = "Sampling Configuration Space of Partial 2-trees in 3D",
  year = 2011,
  school = "University of Florida, Master's thesis",
  address = "Computer Science Dept"}
  }

@article{bodycad,
    author ="K. Haller and A. Lee-Stjohn and M. Sitharam and  I. Streinu and
        N. White",
    title = {Body-Cad constraint systems},
    journal = {Computational Geometry, Theory and Applications},
    note={to appear},
    year= {2011}
}


@Article{SiGa:2010,
author="Sitharam, Meera
and Gao, Heping",
title="Characterizing Graphs with Convex and Connected Cayley Configuration Spaces",
journal="Discrete {\&} Computational Geometry",
year="2010",
volume="43",
number="3",
pages="594--625",
doi="10.1007/s00454-009-9160-8",
url="http://dx.doi.org/10.1007/s00454-009-9160-8"
}

@inproceedings{GaSi:2010,
    author ="H. Gao and  M.Sitharam",
    title = {Characterizing Simple 1-dof Henneberg-I Graphs with Efficient
        Configuration Spaces},
    note={Proceedings of ACM-SAC Geometric constraints and reasoning},
    year= {2009}
}

@unpublished{bib:Gortler,
    author = "Steven J. Gortler and Alexander D. Healy and Dylan P. Thurston",
    title = {Characterizing Generic Global Rigidity},
    note="arXiv:0710.0926v3",
    year= {2010}
}

@article{BeCo:2008,
    author = {Maria Belk (Sloughter) and Robert Connelly},
    title = {Realizability of Graphs},
    journal = {Discrete Computational Geometry},
    volume={37},
    number={2},
    pages={125-137},
    year={2007}
}

@article{BoSi:09,
    author = "M. B\' ona and M. Sitharam",
    title = {Influence of symmetry on probabilities of icosahedral viral
         assembly pathways},
    journal = {Computational and Mathematical Methods in Medicine:
        Special issue on Mathematical Virology, Stockley and  Twarock Eds},
    year = {2008}
}

@article{mav1,
    author = "M. Agbandje-McKenna and R. McKenna",
    title = {Comparative Analysis of the Structural Architecture of 
ssDNA viruses},
    journal = {Computational and Mathematical Methods in Medicine:
        Special issue on Mathematical Virology, Stockley and  Twarock Eds},
    year = {2008}
}


 
@article{mik1,
author = "M. B\'ona and  P.Flajolet", 
title = "Isomorphism and Symmetry in Random Phylogenetic Trees",
journal = "J. App. Probability",
volume = "46",
number = "4",
year =  "2009"
}

@article{mik2,
author = "M. B\'ona and  R. Flynn", 
title = "On The Number of Block Interchanges Needed to Sort a Permutation", 
journal="Information Processing Letters", 
volume = "16",
  year = "2009" 
}

@inproceedings{OzSi:2010,
    author="A.~Ozkan and  M.Sitharam",
    title={EASAL: Efficient Atlasing and Search of Assembly Landscapes},
    booktitle={Proceedings of BiCoB},
    year = "2011"
}

@inproceedings{ChoYe:2008,
    author="Anthony man-Cho So and Yinyu Ye",
    title={A semidefinite programming approach to tensegrity theory and
        realizability of graphs},
    note={Symposium on Discrete Algorithms},
    pages={766-775},
}

@inproceedings{ChSiSt:2009,
    author="J. Cheng, M. Sitharam, I. Streinu",
    title={Nucleation-free 3D rigidity},
    booktitle={Proceedings of CCCG},
    year ={2009}
}

@article{Rio,
  title={Nuclear transport of trimeric assembly intermediates exerts a morphogenic control on the icosahedral parvovirus capsid},
  author= {L. Riolobez and J. Riguda and M.G. Mateu and J.M. Almendral},
  journal={J. Mol. Biol},
  volume={357},
  pages={1026-1038},
  year={2006}
}
@unpublished{ChSi, 
author ="J. Cheng, M. Sitharam",
title = {Maxwell Independence: Better bounds for the rank of the 3D rigidity
matroid},
year = {2010},
note ={FwCG 2010, http://arxiv.org/abs/1010.4052}
}

@unpublished{OPPS, 
author ="A.~Ozkan and J. Pence and  J. Peters and  M. Sitharam",
title = {EASAL: Theory and Algorithms for Efficient Atlasing and Search of Assembly Landscapes},
year = {2010},
note ={journal article, in preparation}
}



@unpublished{Bona, 
author ={M. B\'ona and R. Pemantle and H. Wilf},
title = {When do two permutations have the same decreasing binary tree?},
year = {2006},
note ={in preparation}
}

@unpublished{Bona1, 
author ={M. B\'ona  and H. Wilf},
title = {On the variance of Stirling numbers of the first kind},
year = {2006},
note ={in preparation}
}


@article{wilf,
  title={Three problems in combinatorial asymptotics},
  author= {H. Wilf},
  journal={J. Combin. Theory Series A},
  volume={35},
  number={2},
  pages={199-207},
  year={1983}
}

@article{mvs2006,
author={M. Sitharam and  M. Agbandje-McKenna},
title={Modeling virus assembly using geometric constraints and tensegrity:avoiding
dynamics},
note={Journal of Computational Biology},
volume={13},
number={6},
year={2006},
pages={1232-1265}
}



@inproceedings{mvsp2006,
author =       {M. Sitharam and M. Agbandje-McKenna},
title =        {Modeling Virus self-assembly pathways using computational algebra
and geometry},
pages = {},
booktitle =    {Proceedings of the Applications of Computer Algebra Symposium},
Pulisher={ACA},
year = {2004}        
}



@inproceedings{caes2004,
author =       {M. Sitharam and M. B\'ona},
title =        {Counting and enumeration of symmetric macromolecular self-assembly pathways},
pages =        {},
booktitle =    {Proceedings of the International Conference on Bioinformatics and Applications},
publisher={ICBA},
year = {2004}        
}

@inproceedings{eigr2004,
author =       {J\"org Peters and JianHua Fan and Meera Sitharam and Yong Zhou},
title =        {Elimination in generically rigid 3D
geometric constraint systems},
booktitle =    {Proceedings of Algebraic Geometry and Geometric Modeling},
address =      {Nice},
pages =        {27-29},
month =        {September},
year =         2004,
publisher={Springer Verlag,1-16,2005},      
}

@article{mcsu2004,
  title={Making constraint solvers useable: overconstraints},
  author={C. Hoffman and M. Sitharam and B. Yuan},
  journal={Computer Aided
Design},
  volume={36},
  number={4},
  pages={277-299},
  year={2004},
  note={}
}

@CONFERENCE{svo2003,
AUTHOR = {A. Lomonosov and M. Sitharam and K. Park},
TITLE = {Stability vs. Optimality tradeoffs in network Games},
BOOKTITLE = {AIMS track
of the 18th ACM SAC conference},YEAR = {2003} }



@article{sing2004,
  title={Stability in network Games},
  author={A. Lomonosov and M. Sitharam and K. Park},
  journal={Journal of Computer and System
Sciences},
  volume={69},
  number={2},
  pages={281-302},
  year={2004},
  note={}
}


@CONFERENCE{atac2004,
                  AUTHOR = {M. Sitharam, Y.Zhou},
TITLE = {A tractable, approximate characterization of combinatorial rigidity in 3D},
BOOKTITLE = {5th Automated
Deduction in Geometry Workshop},
address =      {ADG},
YEAR = {2004} }


@CONFERENCE{smd2004,
                  AUTHOR = {M. Sitharam, Y.Zhou, J. Peters},
TITLE = {Solving minimally decomposed 3D geometric constraint systems: optimizing
algebraic complexity},
BOOKTITLE = {5th Automated Deduction in Geometry Workshop},
address =      {ADG},
YEAR = {2004} }


@article{mfvc2005,
author={M. Sitharam and J. Oung and A. Arbree and Y. Zhou},
title={Mixing features and variational constraints in 3D},
journal={Computer Aided Design},
volume={38},
year={2006}
}

@article{BoSiVi,
author={M. B\'ona and M. Sitharam and A. Vince},
title={Tree orbits under the action of the icosahedral group and enumeration
of macromolecular assembly pathways},
journal={Bull. Math. Bio, Special Issue on Algebraic Biology, to appear},
year={2011}
}

@article{bib:well-formed,
author={M. Sitharam},
title={Well-formed systems of incidences for resolving collections of rigid bodies},
journal={International Journal of Computational Geometry and Applications},
year={2006}
}


@article{sman2005,
author={M. Sitharam and A. Arbree and Y. Zhou and N. Kohareswaran},
title={Solution management and navigation for 3D geometric constraint systems},
year={2006},
journal= {ACM Transactions on Graphics}
}

@unpublished{gdba2005,
author={A. Lomonosov and M. Sitharam},
title={Graph density based algorithms for geometric constraint decomposition},
note={Submitted},
year={2005}
}

@unpublished{cooa2005,
author={M. Sitharam and Y. Zhou and J. Peters and J. Fan},
title={Combinatorial optimization of algebraic complexity of minimal
rigid geometric constraint systems},
note={Submitted to Journal of Symbolic Computing},
year={2005}
}

@article{viro1,
  title={Isolation
and characterization of subgenomic DNAs encapsidated in single icosahedral particles of Maize steak
virus},
  author={C.G. Casado and G.J. Ortiz and E. Padron and S. Bean and R. McKenna
	  M. Agbandje-McKenna and M. I. Boulton},
  journal={Virology},
  volume={323:},
  pages={164-171},
}

@unpublished{viro2,
author={Xing Zhang and Paul S. Chipman and Xiaodong Yan and G. Javier Ortiz and
	Eric Padron and Robbie Reutzel and Antonette Bennett and Samantha Bean
	Margaret Boulton and Robert McKenna and Timothy S. Baker and Mavis
	Agbandje-McKenna},
title={The three-dimensional structure of isometric particles of Maize Streak Virus},
}

@unpublished{viro3,
author={Lee Faulkner and Eric Padron and Carolina G. Casado and Margaret I. Boulton
	and Robert McKenna and Mavis Agbandje-McKenna},
title={A structure-based comparison of geminivirus coat proteins},
note={In preparation for J. Gen. Virology}
}

@article{virus1,
  title={Studies of T=1 Viral capsid Assembly Employing Mutational, Biochemical, Biophysical,
Structural and Computational Methodologies},
  author={C.G. Casado and G.J. Ortiz and E. Padron and S. Bean and R. McKenna
	  and M. Agbandje-McKenna and M. I. Boulton},
  journal={Phage/Virus Assembly XIX},
  note={Winter Park},
  year={2005}
}

@article{virus2,
  title={Structural Analysis of Maize Streak Virus Particles},
  author={Robbie Reutzel and Xing Zhang and Paul S. Chipman and Xiaodong Yan and
	  G. Javier Ortiz and Eric Padron and Antonette Bennett and Samantha Bean
	  and Wei Zhang and Norman H. Olson and Margaret Boulton and Robert McKenna
	  and Timothy S. Baker and Mavis Agbandje-McKenna},
  journal={Phage/Virus Assembly XIX},
  note={Winter Park},
  year={2005}
}
@article{Carreira:04,
  author =       "A Carreira and Mendez M. and J. Reguera and J. M. Almendral and M. G. Mateu",
  title =        "In vitro disassembly of a parvovirus capsid and effect on capsid stability of
		heterologous peptide insertions in surface loops",
  journal =      "Biol Chem",
  volume =       "279",
  pages =        "6517-6525",
  year =         "2004"
}

@article{Brunger:98,
  author =       "Brunger A. T. and P. D. Adams and G. M. Clore and W. L. DeLano and P. Gros and R. W.
		Grosse-Kunstleve and J. S. Jiang and J. Kuszewski and M. Nilges and N. S. Pannu and R. J. Read and L.
		M. Rice and T. Simonson and G. L. Warren",
  title =        "Crystallography and NMR system: A new software 
  		suite for macromolecular structure determination",
  journal =      "Acta Crystallogr D Biol Crystallogr",
  volume =       "54",
  pages =        "905-21",
  year =         "1998"
}

@article{Ilag:93,
  author =       "Ilag L. L. and N. L. Incardona",
  title =        "Structural basis for bacteriophage phi X174
		assembly and eclipse as defined by temperature-sensitive mutations",
  journal =      "Virology",
  volume =       "196",
  pages =        "758-768",
  year =         "1993"
}

@article{Reguera:04,
  author =       "Reguera J. and A. Carreira and L. Riolobos and J. M. Almendral and M. G. Mateu",
  title =        "Role of interfacial amino acid residues in assembly, stability, and conformation of
		a spherical virus capsid",
  journal =      "Proc Natl Acad Sci USA",
  volume =       "101",
  pages =        "2724-2719",
  year =         "2004"
}

@article{Chen:01,
  author =       "Chen X. S. and G. Casini and S. C. Harrison and R. L. Garcea",
  title =        "Papillomavirus capsid expression in Escherichia coli: 
  		Purification and assembly of HPV11 and HPV16 L1",
  journal =      "Mol Biol",
  volume =       "307",
  pages =        "173-182",
  year =         "2001"
}

@article{Chen:00,
  author =       "Chen  X. S. and R. L. Garcea and I. Goldberg and G. Casini and S.C. Harrison",
  title =        "Structure of small virus-like particles assembled from the L1 protein of human
		papillomavirus 16",
  journal =      "Molecular Cell",
  volume =       "5",
  pages =        "557-567",
  year =         "2000"
}

@article{Berman:00,
  author =       "Berman HM. and J. Westbrook and Z. Feng and G. Gilliland and T.N. Bhat and H. Weissig and I.N.
		Shindyalov and P.E. Bourne",
  title =        "The Protein Data Bank",
  journal =      "Nucleic Acids Research",
  volume =       "28",
  pages =        "235-242",
  year =         "2000"
}

@article{Govinda,
  author =       "E. Padron  and R. McKenna and N.  Muzyczka and N. Kaludov and J. A. Chiorini and M. Agbandje-McKenna",
  title =        "Structurally mapping the diverse phenotype of Adeno associatedvirus serotype 4",
  journal =      "Journal of Virology",
  volume =       "80",
  pages =        "11556-570",
  year =         "2006"
}

@article{Padron:05,
  author =       "Padron E. and V. Bowman and N. Kaludov and L. Govindasamy and H. Levy and P. Nick and R. McKenna and N.
Muzyczka and J. A. Chiorini and T. S. Baker and M. Agbandje-McKenna",
  title =        "Structure of adeno-associated virus type 4",
  journal =      "Journal of Virology",
  volume =       "79",
  pages =        "5047-58",
  year =         "2005"
}

@article{Urabe:02,
  author =       "Urabe M. and C. Ding and R. M. Kotin",
  title =        "Insect cells as a factory to produce adeno-associated virus type 2 vectors",
  journal =      "Hum Gene Ther",
  volume =       "13",
  pages =        "1935-43",
  year =         "2002"
}

@article{Wu:00,
  author =       "Wu P. and T. Conlon and  J. Hughes and M. Agbandje-McKenna and T. Ferkol and T. Flotte and N.
 		Muzyczka",
  title =        "Mutational analysis of the adeno-associated virus type 2 (AAV2) 
		capsid gene and construction of AAV2 vectors with altered tropism",
  journal =      "Virol",
  volume =       "74",
  pages =        "8635-86",
  year =         "2000"
}


@article{Dutour,
  author =       "M. Deza and M. Dutour",
  title =        "Zigzag structures of simple two-faced polyhedra",
  journal =      "Combin. Probab. Comput.",
  volume =       "14",
  number =       "1-2",
  pages =        "31--57",
  year =         "2005"
}

@article{Mani,
  author =       "P. Mani",
  title =        "Automorphismen von Polyhedrische Graphen",
  journal =      "Math. Ann.",
  volume =       "192",
  pages =        "279-303",
  year =         "1971"
}

@article{Fowler,
  author =       "M. Deza and M. Dutour and P. W. Fowler",
  title =        "Zigzags, Railroads, and Knots in Fullerenes",
  journal =      "Chem. Inf. Comp. Sci.",
  volume =       "44",
  pages =        "1282-1293",
  year =         "2004"
}

@article{hetyei,
  author =       "G. Hetyei",
  title =        "Invariants des complexes cubiques",
  journal =      "Ann. Sci. Math. Qu\'ebec",
  volume =       "20",
  number =       "1",
  pages =        "35-52",
  year =         "1996"
}


@article{bib:jockush,
  author =       "W. Jockush",
  title =        "The lower and upper bound problems for cubical polytopes",
  journal =      "Discrete Comput. Geom.",
  volume =       "9",
  number =       "2",
  pages =        "159-163",
  year =         "1993"
}

@article{bib:Shtogrin,
  author =       "M. Deza and M. Dutour and Shtogrin",
  title =        "4-valent plane graphs with 2-, 3- and 4-gonal faces",
  journal =      "Advances in algebra",
  publisher =	 "World Sci. Publishing, River Edge, NJ",
  pages =        "73-97",
  year =         "2003"
}

@article{bib:ziegler,
  author =       "A. Schwartz and G. Ziegler",
  title =        "onstruction techniques for cubical complexes, 
  		odd cubical 4-polytopes, and prescribed dual manifolds",
  journal =      "Experiment. Math.",
  volume =       "13",
  number =       "4",
  pages =        "385-413",
  year =         "2004"
}
@article{Babai,
  author =       "L\'aszl\'o Babai and Wilfried Imrich",
  title =        "On groups of polyhedral graphs..",
  journal =      "Discrete Math.",
  volume =       "5",
  pages =        "101-103",
  year =         "1973"
}

@article{Babai1,
  author =       "L\'aszl\'o Babai and Wilfried Imrich",
  title =        "Sense preserving groups of polyhedral graphs.",
  journal =      "Monatsh. Math.",
  volume =       "79",
  pages =        "1-2",
  year =         "1975"
}

@article{Brinkmann,
  author =       "Gunnar Brinkmann and Andreas Dress",
  title =        "A Constructive Enumeration of Fullerenes.",
  journal =      "Journal of Algorithms.",
  volume =       "23",
  pages =        "345-358",
  year =         "1997"
}

@article{Deza,
  author =       "Antoine Deza and Michel Deza and Viatcheslav Grishukhin",
  title =        "Fullerenes and coordiation polyhedra versus half-cube 
embeddings",
  journal =      "Discrete Math",
  volume =       "192",
  pages =        "41-80",
  year =         "1998"
}

@article{Doslic,
  author =       "Tomislav Doslic",
  title =        "On some structural properties of fullerene graphs",
  journal =      "Journal of Mathematical Chemistry.",
  volume =       "31",
  number =       "2",
  pages =        "187-195",
  year =         "2002"
}

@article{Jendrol,
  author =       "Stanislav Jendrol and Mari\'an Trenkler",
  title =        "More icosahedral fulleroids",
  journal =      "Journal of Mathematical Chemistry.",
  volume =       "29",
  number =       "4",
  pages =        "235-243",
  year =         "2001"
}


@INPROCEEDINGS{bib:aca,
author = "M. Sitharam and M. Agbandje-Mckenna",
year = 2004,
title = "Modeling virus assembly pathways using computational
algebra and geometry",
booktitle = "Proceedings of the 10th Applications of Computer Algebra 
conference"
}


@BOOK{bib:oriented,
 
  author = "A. Bjorner and M. Las Vergnas and  B. Sturmfels and N. White and G. Ziegler",
  year =  1993,
  title= "Oriented Matroids. Encyclopaedia of Mathematics. Vol. 46. Edited
by G-C. Rota",
  publisher = "Cambridge University Press"
  }


@techreport{bib:Epp,
  title = {{Representing all minimum spanning trees with applications to
    counting and generation}},
  author = {David Eppstein},
  address = {Irvine, CA, 92697-3425, USA},
  institution = {Univ. of California, Irvine, Dept. of Information {\&} Computer
    Science},
  number = {95-50},
  year = {1995},
  url = {http://www.ics.uci.edu/~eppstein/pubs/Epp-TR-95-50.pdf}}

@ARTICLE{bib:bettig,
author = "B. Bettig and A. Shah",
title = "Solution selectors: A user oriented answer to the multiple solution
problem in constraint solving",
year =  2003,
journal = "Journal of Mechanical Design",
volume = 125,
number = 3,
pages =  "445--451"
}

@ARTICLE{bib:arinyo-genetic,
author = "R. Joan-Arinyo and M.V. Luzon and A. Soto",
year =  2003,
title= "Genetic Algorithms for root multiselection in geometric constraint solving",
journal = "Computers and Graphics",
volume = 27,
number = 1,
pages =  "51--60"
}



@ARTICLE{bib:crapo1,
author = "Henry Crapo",
year =  1979,
title= "Structural Rigidity",
journal = "Structural Topology",
volume = 1,
pages =  "26--45"
}

@ARTICLE{bib:crapo2,
author = "Henry Crapo",
year =  1982,
title= "The Tetrahedral-Octahedral Truss",
journal = "Structural Topology",
volume = 7,
pages =  "52--61"
}

@ARTICLE{bib:Glea,
author = "G. Leach and G. Al-Qaimari and  M. Grieve and  N. Jinks and  C. McKay",
year =  1997,
booktitle= "Elements of a Three-Dimensional Graphical User Interface",  
title = "http://goanna.cs.rmit.edu.au/~gl/research/HCC/interact97.html"
}


@ARTICLE{bib:Ilmen,
author = "Technical University of Ilmenau, Computer Graphics Group, Department of Com
puter Science and Automation",
year =  2001,
booktitle= "Research: Sketch-Based Design",  
title = "http://rabbit.prakinf.tu-ilmenau.de/qsketch.html"
}

@ARTICLE{bib:DCube,
author = "D-Cubed",
year =  2000,
booktitle= "Products 2D & 3D DCM",  
title = "http://www.d-cubed.co.uk/prod_dcm_intro.htm"
}


@ARTICLE{bib:Ali,
author = "Alice",
year =  2000,
booktitle= "Free, Easy, Interactive 3D Graphics for the WWW, Java3D Documentation",  
title = "http://www.alice.org/jalice/docs/Java3D/api/index.html"
}

@ARTICLE{bib:J3D,
author = "The Java 3D Community Site (J3D)",
year =  1999,
booktitle= "Java 3D FAQ",  
title = "http://www.j3d.org/faq/"
}

@ARTICLE{bib:Brown,
author = "R. C. Zeleznik and  K. P. Herndon and J. F. Hughes",
year =  1996,
title= "SKETCH: An Interface for Sketching 3D Scenes",  
journal = "Proceedings of SIGGRAPH 96 (New Orleans, August 1996)",
pages =  "163--170",
publisher="ACM Press"
}




%-----------------------
%---Algebraic statistics Book?

@Book{bib:algeb-stat,
  author = 	 {Giovanni Pistone and Eva Riccomagno and Henry P. Wynn},
  ALTeditor = 	 {},
  title = 	 {Algebraic Statistics: Computational Commutative Algebra in Statistics},
  publisher = 	 {CRC Press},
  year = 	 {2000},
  OPTkey = 	 {},
  OPTvolume = 	 {},
  OPTnumber = 	 {},
  OPTseries = 	 {},
  OPTaddress = 	 {},
  OPTedition = 	 {},
  month = 	 {December},
  OPTnote = 	 {},
  OPTannote = 	 {}
}


%--Gambin (matroid bases)
@inproceedings{bib:Gambin,
    author = "Anna Gambin",
    title = "On Approximating the Number of Bases of Exchange Preserving Matroids",
    booktitle = "Mathematical Foundations of Computer Science",
    pages = "332-342",
    year = "1999",
    url = "citeseer.ist.psu.edu/181273.html" }

@Article{bib:Aldous90,
  author =	 {D. Aldous},
  title =	 {The random walk construction for spanning trees and
                  uniform labeled trees},
  journal =	 {SIAM J. of Disc. Math. },
  year =	 {1990},
  OPTkey =	 {},
  OPTvolume =	 {},
  OPTnumber =	 {3},
  pages =	 {450-465},
  OPTmonth =	 {},
  OPTnote =	 {},
  OPTannote =	 {}
}

@article{ bib:Azar94problem,
  author =	 "Yossi Azar and Andrei Z. Broder and Alan M. Frieze",
  title =	 "On the Problem of Approximating the Number of Bases
                  of a Matroid",
  journal =	 "Information Processing Letters",
  volume =	 "50",
  number =	 "1",
  pages =	 "9-11",
  year =	 "1994",
  url =		 "citeseer.ist.psu.edu/azar96problem.html"
}

@InProceedings{bib:Broder89,
  author =	 {A.A. Broder},
  title =	 {Generating random spanning trees},
  booktitle =	 {FOCS},
  OPTcrossref =	 {},
  OPTkey =	 {},
  pages =	 {442-447},
  year =	 {1989},
  OPTeditor =	 {},
  OPTvolume =	 {},
  OPTnumber =	 {},
  OPTseries =	 {},
  OPTaddress =	 {},
  OPTmonth =	 {},
  OPTorganization ={},
  OPTpublisher = {},
  OPTnote =	 {},
  OPTannote =	 {}
}

@Article{bib:Canny00,
  author =	 "John F. Canny and Ioannis Z. Emiris ",
  title =	 {A subdivision-based algorithm for the sparse
                  resultant },
  journal =	 {Journal of the ACM (JACM) },
  year =	 {2000 },
  OPTkey =	 {},
  OPTvolume =	 {47},
  OPTnumber =	 {},
  pages =	 {417-451 },
  month =	 {May},
  OPTnote =	 {},
  OPTannote =	 {}
}

@InProceedings{bib:Emiris93,
  author =	 "Ioannis Emiris and John Canny ",
  title =	 { A practical method for the sparse resultant},
  booktitle =	 {International Conference on Symbolic and Algebraic
                  Computation, Proceedings of the 1993 international
                  symposium on Symbolic and algebraic computation },
  OPTcrossref =	 {},
  OPTkey =	 {},
  pages =	 {183-192},
  year =	 {1993},
  OPTeditor =	 {},
  OPTvolume =	 {},
  OPTnumber =	 {},
  OPTseries =	 {},
  OPTaddress =	 {},
  OPTmonth =	 {},
  OPTorganization ={},
  OPTpublisher = {},
  OPTnote =	 {},
  OPTannote =	 {}
}

@InProceedings{bib:Feder92,
  author =	 "Tomas Feder and Milena Mihail",
  title =	 {Balanced matroids},
  booktitle =	 { Annual ACM Symposium on Theory of Computing,
                  Proceedings of the twenty-fourth annual ACM
                  symposium on Theory of computing },
  OPTcrossref =	 {},
  OPTkey =	 {},
  pages =	 {26-38},
  year =	 {1992},
  OPTeditor =	 {},
  OPTvolume =	 {},
  OPTnumber =	 {},
  OPTseries =	 {},
  OPTaddress =	 {},
  OPTmonth =	 {},
  OPTorganization ={},
  OPTpublisher = { ACM Press New York, NY, USA},
  OPTnote =	 {},
  OPTannote =	 {}
}


%Underconstrained systems

@InProceedings{bib:Joan-Arinyo03,
  author = 	 "R. Joan-Arinyo and A. Soto-Riera and S. Vila-Marta and J. Vilaplana-Past\'o",
  title = 	 {Transforming an under-constrained geometric constraint problem into a well-constrained one},
  booktitle = 	 {ACM Symposium on Solid Modeling and Applications,Proceedings of the eighth ACM symposium on Solid modeling and applications},
  OPTcrossref =  {},
  OPTkey = 	 {},
  pages = 	 {33--44},
  year = 	 {2003},
  OPTeditor = 	 {},
  OPTvolume = 	 {},
  OPTnumber = 	 {},
  OPTseries = 	 {},
  OPTaddress = 	 {},
  OPTmonth = 	 {},
  OPTorganization = {},
  OPTpublisher = {},
  OPTnote = 	 {},
  OPTannote = 	 {}
}

@article{ bib:Karger,
  author =	 "David R. Karger",
  title =	 "Minimum cuts in near-linear time",
  pages =	 "46-76",
  volume =	 "47",
  number =	 "1",
  journal =	 " Journal of the ACM (JACM) ",
  year =	 "2000"
}

@inproceedings{ bib:Montenegro01edge,
  author =	 "Ravi Montenegro and Jung-Bae Son",
  title =	 "Edge isoperimetry and rapid mixing on matroids and
                  geometric Markov chains",
  booktitle =	 "{ACM} Symposium on Theory of Computing",
  pages =	 "704-711",
  year =	 "2001",
  url =		 "citeseer.ist.psu.edu/montenegro01edge.html"
}


@article{ bib:Sommese99numerical,
  author =	 "A. Sommese and J. Verschelde",
  title =	 "Numerical homotopies to compute generic points on
                  positive dimensional algebraic sets",
  year =	 "1999",
  pages =	 "572-602",
  journal =	 " Journal of Complexity ",
  volume =	 "16",
  number =	 "3"
}

%Huber and Sturmfels
@Article{bib:HuSturm,
  author = 	 {B. Huber AND B. Sturmfels},
  title = 	 {A polyhedral method for solving sparse polynomial system},
  journal = 	 {Math. Comp.},
  year = 	 {1995},
  OPTkey = 	 {},
  volume = 	 {64},
  OPTnumber = 	 {},
  pages = 	 {1541--1555},
  OPTmonth = 	 {},
  OPTnote = 	 {},
  OPTannote = 	 {}
}


%http://research.microsoft.com/~dbwilson/ja/
@Article{bib:dbwilson,
  author = 	 {James Gary Propp and David Bruce Wilson},
  title = 	 {How to Get a Perfectly Random Sample From a Generic Markov Chain and Generate a Random Spanning Tree of a Directed Graph },
  journal = 	 {Journal of Algorithms  },
  year = 	 {1998},
  OPTkey = 	 {},
  volume = 	 {27},
  OPTnumber = 	 {},
  pages = 	 {170--217},
  OPTmonth = 	 {},
  OPTnote = 	 {},
  OPTannote = 	 {}
}

%A new approach to counting Nash equilibria 
%http://www.math.tamu.edu/~rojas/list2.html --paper 11
@InProceedings{bib:rojas-nash,
  author =	 {J. Maurice Rojas},
  title =	 {A New Approach to Counting Nash Equilibria},
  booktitle =	 {Proceedings of the IEEE/IAFE Conference on Computational Intelligence for Financial Engineering },
  OPTcrossref =	 {},
  OPTkey =	 {},
  pages =	 {130--136},
  year =	 {1997},
  OPTeditor =	 {},
  OPTvolume =	 {},
  OPTnumber =	 {},
  OPTseries =	 {},
  OPTaddress =	 {},
  OPTmonth =	 {},
  OPTorganization ={},
  OPTpublisher = {},
  OPTnote =	 {},
  OPTannote =	 {}
}

@Article{bib:Bernstein75,
  author =	 "Bernstein and David Naumovich",
  title =	 {The number of Roots of a System of Equations},
  journal =	 {Functional Analysis and its Applications (translated
                  from Russian)},
  year =	 {1975},
  OPTkey =	 {},
  volume =	 {9},
  number =	 {2},
  pages =	 {183--185},
  OPTmonth =	 {},
  OPTnote =	 {},
  OPTannote =	 {}
}



@Article{bib:canny-roadmap,
  author = 	 {John Canny},
  title = 	 {Computing roadmaps of general semi-algebraic sets},
  journal = 	 {Computer Journal},
  year = 	 {1993},
  OPTkey = 	 {},
  volume = 	 {36},
  OPTnumber = 	 {5},
  pages = 	 {504--514},
  OPTmonth = 	 {},
  OPTnote = 	 {},
  OPTannote = 	 {}
}

@InProceedings{bib:basu-roadmap,
  author = 	 "Saugata Basu and Richard Pollack and Marie-Fran\c{c}oise Roy",
  title = 	 {Computing Roadmaps of Semi-Algebraic Sets (Extended Abstract)},
  booktitle = 	 {STOC 1996},
  OPTcrossref =  {},
  OPTkey = 	 {},
  pages = 	 {168--173},
  OPTyear = 	 {1996},
  OPTeditor = 	 {},
  OPTvolume = 	 {},
  OPTnumber = 	 {},
  OPTseries = 	 {},
  OPTaddress = 	 {},
  OPTmonth = 	 {},
  OPTorganization = {},
  OPTpublisher = {},
  OPTnote = 	 {},
  OPTannote = 	 {}
}

@Article{bib:latombe-roadmap,
  author = 	 "L. E. Kavraki and P. Svetka and J. C. Latombe and M. Overmars",
  title = 	 {Probabilistic roadmaps for path planning in high dimensional configuration spaces},
  journal = 	 {IEEE Transactions on Robotics and Automation},
  year = 	 {1996},
  OPTkey = 	 {},
  volume = 	 {12},
  number = 	 {4},
  pages = 	 {566--580},
  OPTmonth = 	 {},
  OPTnote = 	 {},
  OPTannote = 	 {}
}


@Article{bib:khovanskii,
  author = 	 {A. Khovanskii},
  title = 	 {Fewnomials},
  journal = 	 {Trans. of Math. Monographs},
  year = 	 {1991},
  OPTkey = 	 {},
  volume = 	 {88},
  OPTnumber = 	 {},
  OPTpages = 	 {},
  OPTmonth = 	 {},
  OPTnote = 	 {},
  OPTannote = 	 {}
}

@InProceedings{bib:aggarwal-knot,
  author = 	 "Pankaj K. Agarwal and Herbert Edelsbrunner and Yusu Wang",
  title = 	 {Computing the writhing number of a polygonal knot},
  booktitle = 	 {Symposium on Discrete Algorithms, Proceedings of the thirteenth annual ACM-SIAM symposium on Discrete algorithms},
  OPTcrossref =  {},
  OPTkey = 	 {},
  pages = 	 {791--799},
  year = 	 {2002},
  OPTeditor = 	 {},
  OPTvolume = 	 {},
  OPTnumber = 	 {},
  OPTseries = 	 {},
  OPTaddress = 	 {},
  OPTmonth = 	 {},
  OPTorganization = {},
  OPTpublisher = {},
  OPTnote = 	 {},
  OPTannote = 	 {}
}
-----------------------------

@ARTICLE{bib:Riis,
author = "S Riis and M Sitharam",
year =  2001,
title= "Uniformly generated submodules of permutation modules",  
journal = "Journal of Pure and Applied Algebra"
}

@ARTICLE{bib:Si96,
author = "M Sitharam",
title= "Linear approximation duality and complexity lower bounds",  
journal = "Working monograph"
}

@ARTICLE{winfree,
author = "P Rothemund and E Winfree",
year =  2000,
title= "The program size complexity of self-assembled squares",  
journal = "ACM STOC"
}

@ARTICLE{huang,
author = "L Adleman and A Goel and Q Chenge and M D Huang and H Wasserman",
year =  2001,
title= "Linear self assemblies: equilibria, entropy and convergence rates",  
journal = "Sixth international conference on difference equations and applications"
}

@ARTICLE{bib:HoSi04,      
author = "C Hoffman and  M Sitharam and B Yuan",
year =  2004,
title= "Making constraint solvers more useable: the overconstraint problem",  
journal = "to appear in CAD"
}

@INPROCEEDINGS{bib:fron,
author = "M. Sitharam",
year = 2004,
title = "FRONTIER, opensource GNU geometric constraint solver: Version 1 (2001) for general 2D
systems; Version 2 (2002) for 2D and some 3D systems; Version 3 (2003) for general 2D and 3D
systems",
booktitle = "http://www.cise.ufl.edu/$\sim$sitharam, http://www.gnu.org"
}


@ARTICLE{bib:mono,
author = "M Sitharam",
year =  2004,
title= "FRONTIER, an opensource 3D geometric constraint solver: algorithms and architecture",  
journal = "monograph, in preparation"
}

{bib:BroJa94, 
  author="W.F. Bronsvoort and F.W. Jansen",
  title="Multiview Feature modeling for design and assembly",
  booktitle="Advances in Feature Based Modeling",
editor= "J.J. Shah and  M. {Mantyla} and D.S. Nau ed.s",
publisher = "Elsevier Science",
  pages="315-330",
  year=1994
}

@INPROCEEDINGS{bib:survey,
author = "M Sitharam",
year =  2005,
title= "Graph based geometric constraint solving: problems, 
progress and directions",  
booktitle= "in AMS-DIMACS volume on Computer Aided Design", 
editor= "Dutta and Janardhan and Smid"
}

@INPROCEEDINGS{bib:icba,
author = "M Sitharam and M. B\' ona",
year =  2004,
title= "Combinatorial Enumeration of Macromolecular Assembly Pathways",
booktitle= "Proceedings of the International Conferecnce on bioinformatics
and applications", 
publisher = "World Scientific"
}


@ARTICLE{bib:AgSi04,
author = "M Sitharam and M Agbandje-Mckenna",
year =  "2006",
title= "Sampling Virus Assembly Pathway: Avoiding Dynamics",
journal = "Journal of Computational Biology", 
 volume =13,
Number = 6,
}

@ARTICLE{bib:Si-markov,
author = "M Sitharam",
year =  2004,
title= "Markov sampling of Algebraic structures related to rigidity matroid bases",  
journal = "preliminary manuscript, available upon request"
}

@inproceedings{Peters:2005:EGR,
  author = {J{\"o}rg Peters and JianHua Fan and Meera Sitharam and Yong
Zhou},
  title = {Elimination in generically rigid 3{\sf D} geometric constraint
  systems},
  booktitle  = {Proceedings of Algebraic Geometry and Geometric
  Modeling,Nice, 27-29 September 2004},
  year      = {2005},
  publisher = "Springer Verlag",
  pages = {1--16}
}


@ARTICLE{bib:skeleton,
author = "M Sitharam and J Peters and Y Zhou ",
year =  2004,
title= "Solving minimal, wellconstrained, 3D geometric constraint
          systems: combinatorial optimization of algebraic complexity", 
journal = "Automated deduction in Geometry (ADG) 2004, available upon request"
}

@ARTICLE{bib:esm,
author = "M Sitharam and A Arbree and Y Zhou and N Kohareswaran",
year =  2004,
title= "Solution management and navigation for 3D geometric constraint
systems",
journal = "accepted to ACM TOG, available upon request"
}

@ARTICLE{bib:feature,
author = "M Sitharam and Y Zhou",
year =  2004,
title= "Mixing features and variational constraints in 3D",
journal = "accepted to CAD, available upon request"
}

@ARTICLE{bib:update,
author = "M Sitharam and J Oung and A Arbree",
year =  2004,
title = "Efficient underconstrained completions, updates  and
        on line solution of general geometric constraint graphs",
journal = "submitted, available upon request"
}

@ARTICLE{bib:module,
author = "M Sitharam and Y Zhou ",
year =  "2004",
title= "A tractable, approximate, combinatorial 3D rigidity characterization", 
journal = "Automated Deduction in Geometry (ADG) 2004"
}


@ARTICLE{sitharam,
author = "M Sitharam",
year =  2004,
title= "A game-based decomposition of a class of real algebraic varieties",  
journal = "preliminary manuscript, available upon request"
}


@INPROCEEDINGS{bib:Nisan,
author = "Noam Nisan and Amir Ronen",
title = "Algorithmic mechanism design",
booktitle =  "Proc. 31st ACM Symp. on Theory of Computing", 
pages =  "129--140",
 year =  1999}


@ARTICLE{M1,      
author = "A Zlotnick  and  R Aldrich  and  J M Johnson  and  P Ceres  and  
M J Young ",
year =  2000,
title= "Mechanisms of Capsid assembly for an icosahedral plant virus",  
journal = "Virology", 
volume = 277,
pages= "450-456"}


@ARTICLE{M2,
  author = "R McKenna  and  D Xia  and P Willingham  and L L IlagL 
and S Krishnaswamy  and M G Rossmann  and N H Olson  and T S Baker  and 
N L Incardona",
  year = 1992,
  title= "Atomic structure of single-stranded DNA bacteriophage $\phi$X174 and its functional implications.",                                                          
  journal = "Nature",
  volume = 355,  
  pages= "137-143"       
}

@ARTICLE{M3,
  author = "E Lombardo  and J C Ramírez  and M Agbandje-McKenna 
 and JM Almendral ",
  year = 2000,
  title= " A $\beta$-stranded  motif drives capsid protein oligomers of the parvovirus minute virus of mice into nucleus for viral assembly",
  journal = "Journal of Virology",
  volume = 74,
  pages= "3804-3814"
}

@ARTICLE{M4,
  author = "PM Mullineaux  and J Donson  and BAM Morris-Krsinich 
 and MI Boulton and JW Davies",
  year = 1984,
  title= "The nucleotide sequence of maize streak virus DNA",
  journal = "EMBO Journal",
  volume = 3,
  pages= "3063-3068"
}

@ARTICLE{M5,
  author = "MI Boulton and H Steinkellner  and J Donson  and PG 
Markham  and DI King  and JW Davies",
  year = 1989,
  title= "Mutational analysis of the virion-sense genes of maize streak virus",
  journal = "Journal of General Virology",
  volume = 70,
  pages= "2309-2323"
}


@ARTICLE{M6,
  author = "PM Mullineaux  and MI Boulton  and P Bowyer  and R van der Vlugt  and M Marks  and J Donson and JW Davies ",
  year = 1988,
  title= "Detection of a non-structural protein of Mr 11,000 encoded by the virion DNA of maize streak virus",
  journal = "Plant Molecular Biology",
  volume = 11,
  pages=  "57-66"
}

@ARTICLE{M7,
  author = "RIB Francki  and T Hatta  and G Boccardo  and JW Randles ",
  year = 1980,
  title= "The composition of chloris striate mosaic virus, a geminivirus",
  journal = "Virology",
  volume = 101,
  pages= "233-241"
}

@ARTICLE{M8,
  author = "W Zhang  and NH Olson  and TS Baker and L Faulkner  and M Agbandje-McKenna  and MI Boulton  and RH Davies and R McKenna ",
  year = 2001,
  title= "Structure of the maize streak virus geminate particle",
  journal = "Virology",
  volume = 279,
  pages= "471-477"
}

@ARTICLE{M9,
author = "T Dokland  and R McKenna  and LL Ilag  and BR Bowman  and Incardona B and BA Fane  and MG Rossmann ",
  year =  1997,
  title= "Structure of a viral procapsid molecular scaffolding",
  journal = "Nature",
  volume = 389,
  pages= "308-313"
}

@ARTICLE{M10,
  author = "PEJ Prevelige ",
  year =  1998, 
  title= "Inhibiting virus-capsid assembly by altering the polymerization pathway",   
  journal = "Trends Biotechnology",
  volume = 16,
  pages= "61-65"
}

@ARTICLE{M11,
  author = "S Qin  and BM Ward  and SG Lazarowitz ",
  year =  1998,
  title= "The bipartite geminivirus coat protein aids BR1 function in viral movement by affecting the accumulation of viral single-stranded DNA",
  journal = "Journal of Virology", 
  volume = 72,
  pages= "9247-9256"
}

@ARTICLE{M12,
  author = "MI Boulton  and H Steinkellner  and J Donson  and PG Markham  and DI King  and JW Davies ",
  year =  1989,
  title= "Mutational analysis of the virion-sense genes of maize streak virus",
  journal = "Journal of General Virology", 
  volume = 70,
  pages= "2309-2323"
}

@ARTICLE{M13,
  author = "V Hallan  and Y Gafni ",
  year =  2001,
  title= "Tomato yellow leaf curl virus (TYLCV) capsid protein (CP) subunit interactions: implications for viral assembly",
  }

@ARTICLE{M14,
  author = "R Golmohammadi  and K Valegard  and K Fridborg  and L Liljas",
  year =  1993,
  title= "The refined strcture of bacteriophage MS2 at 2.8 Å reolution",
  journal = "Journal Molecular Biology", 
  volume = 234,
  pages= "620-639"
}

@ARTICLE{M15,
  author = "BV Prasad  and ME Hardy  and T Dokland  and J Bella  and MG Rossmann  and MK Estes",
  year =  1999,
  title= "X-ray crystallographic structure of the Norwalk virus capsid",
  journal = "Science", 
  volume = 286,
  pages= "287-290"
}

@ARTICLE{M16,
  author =  " H Liu  and MI Boulton  and AP Lucy  and JW Davis ",
  year =  2001,
  title= "A single amino acid change in the coat protein of maize streat virus abolishes systemic infection, but not interaction with viral DNA or movement",
  journal = "Molecular Plant Pathology", 
  volume = 2,
  pages= "223-228"
}

@ARTICLE{M17,
  author = "E Noris  and AM Vaira  and P Caciagli  and V Masenga  and B Gronenborn  and GP Accotto ",
  year =  1998,
  title= "Amino acids in the capsid protein of tomato yellow leaf curl virus that are crucial for systemic infection, particle formation and insect transmission",
  journal = "Journal of Virology", 
  volume = 177,
  pages= "85-93"
}

@ARTICLE{M18,
  author = "MG Rossmann  and J E Johnson ",
  year =  1989,
  title= "Icosahedral RNA viruses",
  journal = "Annual Reviews in Biochemistry", 
  volume = 58,
  pages= "533-573"
}

@ARTICLE{M19,
  author = "T Tsao and MS Chapman  and M Agbandje  and W Keller  and K Smith  and H Wu  and M Luo  and TJ Smith  and MG Rossmann  and RW Compans 
 and CR Parrish ",
  year =  1991,
  title= "The three-dimensional structure of canine parvovirus and its functional implications",
  journal = "Science", 
  volume = 251,
  pages= "1456-1464"
}

@ARTICLE{M20,
  author = "M Agbandje and R McKenna  and MG Rossmann  and ML Strassheim 
and PR Parrish ",
  year =  1993,
  title= "Structure determination of feline panleukopenia virus empty particles",
  journal = "Proteins", 
  volume = 16,
  pages= "155-171"
}

@ARTICLE{M21,
  author = "R McKenna  and BR Bowman and LL Ilag and MG Rossmann and BA Fane ",
  year =  1994,
  title= "Atomic structure of the degraded procapsid particle of bacteriophage G4:Induced structural changes in the presence of calcium ions and functional implications",
  journal = "Journal Molecular Biology", 
  volume = 256,
  pages= "736-750"
}

@ARTICLE{M22,
  author = "M Agbandje-McKenna  and AL Llamas-Saiz and F Wang  and 
P Tattersall  and MG Rossmann ",
  year =  1998,
  title= "Functional implications of the structure of the murine parvovirus, minute virus of mice",
  journal = "Structure", 
  volume = 6,
  pages= "1369-1381"
}

@ARTICLE{M23,
  author = "AA Simpson and V Chandrasekar  and B Herbert  and GM Sullivan and MG Rossmann and CR Parrish ",
  year =  2000,
  title= "Host range and variability of calcium binding by surface loops in the capsids of canine and feline parvoviruses",
  journal = "Journal Molecular Biology", 
  volume = 300,
  pages= "597-610"
}

@ARTICLE{M24,
  author = "MS Chapman  and MG Rossmann",
  year =  1993,
  title= "Structure, sequence, and function correlations among parvoviruses",
  journal = "Virology", 
  volume = 194,
  pages= "491-508"
}

@ARTICLE{M25,
  author = "PR Chipman and M Agbandje-McKenn  and J Renaudin  and TS Baker and R McKenna ",
  year =  1998,
  title= "Structural analysis of the Spiroplasma virus, SpV-4, implications for evolutionary variation to obtain host diversity among the Microviridae",
  journal = "Structure", 
  volume = 6,
  pages= "135-145"
}

@ARTICLE{M26,
  author = "H Liu  and MI Boulton and JW Davies",
  year =  1997,
  title= "Maize streak virus coat protein binds single and double stranded DNA in vitro",
  journal = "Journal of General Virology", 
  volume = 78,
  pages= "1265-1270"
}

@ARTICLE{M27,
  author = "S Qin  and BM Ward and SG Lazarowitz ",
  year =  1998,
  title= "The bipartite geminivirus coat protein aids BR1 function in viral movement by affecting the accumulation of viral single-stranded DNA",
  journal = "Journal of Virology", 
  volume = 72,
  pages= "9247-9256"
}

@ARTICLE{M28,
  author = "AC Oliveira  and AMO Gomes and FCL Almeida and R Mohana-Borges  and AP Valente  and VS Reddy and J E Johnson and JL Sila",
  year =  2000,
  title= "Virus maturation targets the protein capsid to concerted disassembly and unfolding",
  journal = "Journal of Biological Chemistry", 
  volume = 275,
  pages= "16037-16043"
}

@ARTICLE{M29,
  author = "TS Baker and NH Olson and SD Fuller ",
  year =  1999,
  title= "Adding the third dimension to virus life cycles: Three-dimensional reconstruction of icosahedral viruses from cryo-electron micrographs",
  journal = "Microbiology Molecular Biology Reviews", 
  volume = 63,
  pages= "862-922"
}

@ARTICLE{M30,
  author = "PT Wingfield and SJ Stahl and RW  Williams and AC Steven ",
  year =  1995,
  title= "Hepatitis core antigen produced in Escherichia coli: subunit composition, conformational analysis, and in vitro capsid assembly",
  journal = "Biochemistry", 
  volume = 34,
  pages= "4919-4932"
}

@ARTICLE{johnson-duda,
  author = "J E Johnson and W R Wikoff",
  year =  1998,
  title= "Macromolecular assembly: Chainmail stabilization of a viral capsid",
  journal = "Current Biology", 
  volume = 8,
  pages= "R914-R917"
}

@ARTICLE{crick,
  author = "FHC Crick and JD Watson ",
  year =  1956,
  title= "Structure of small viruses",
  journal = "Nature", 
  volume = 177,
  pages= "473-475"
}

@ARTICLE{duda,
  author = "R Duda ",
  year =  1998,
  title= "Protein chainmail: cantenated protein in viral capsids",
  journal = "cell", 
  volume = 94,
  pages= "55-60"
}

@ARTICLE{johnson-assembly,
  author = "D Rapaport  and J Johnson  and J Skolnick",
  year =  1998,
  title= "Supramolecular self-assembly: molecular dynamics modeling of polyhedral shell formation",
  journal = "Comp Physics Comm"
}

@ARTICLE{zlotnick2,
  author = "A Zlotnick ",
  year =  1994,
  title= "To build a virus capsid: an equilibrium model of the self assembly of polyhedral protein complexes",
  journal = "J. Mol. Biol.", 
  volume = 241,
  pages= "59-67"
}

@ARTICLE{caspar,
  author = "D Caspar  and A Klug ",
  year =  1962,
  title= "Physical principles in the construction of regular viruses",
  journal = "Cold Spring Harbor Symp Quant Biol", 
  volume = 27,
  pages= "1-24"
}

@ARTICLE{johnson-assembly2,
  author = "J E Johnson  and J A Speir",
  year =  1997,
  title= "Quasi-equivalent viruses: a paradigm for protein assemblies",
  journal = "J. Mol. Biol.", 
  volume = 269,
  pages= "665-675"
}

@ARTICLE{marzec-day,
  author = "C J Marzec and L A Day",
  year =  1993,
  title= "Pattern formation in icosahedral virus capsids: the papova viruses and nudaurelia capensis $\beta$ virus",
  journal = "Biophys", 
  volume = 65,
  pages= "2559-2577"
}

@ARTICLE{reddy,
  author = "V S Reddy and H A Giesing and R T Morton and A Kumar and C B Post and C L Brooks and J E Johnson",
  year =  1998,
  title= "Energetics of quasiequivalence: computational analysis of protein-protein interactions in icosahedral viruses",
  journal = "Biophys", 
  volume = 74,
  pages= "546-558"
}

@ARTICLE{schwartz,
  author = "R Schwartz  and PW Shor and PE Prevelige and B Berger  ",
  year =  1998,
  title= "Local rules simulation of the kinetics of virus capsid self-assembly",
  journal = "Biophysical journal", 
  volume = 75,
  pages= "2626-2636"
}

@ARTICLE{johnson-natarajan,
  author = "P Natarajan and J E Johnson",
  year =  1998,
  title= "Molecular packing in virus crystals: geometry, chemistry and biology",
  journal = "Structural biology", 
  volume = 121,
  pages= "295-305"
}

@INPROCEEDINGS{viper,
  author = "J.Johnson et al",
  title =  "http://viperdb.scripps.edu/info_page.php?VDB=1lp3"
}

@ARTICLE{berger1,
  author = "B Berger and PW Shor",
  year =  1994,
  title= "On the mathematics of virus shell assembly"
  }

@ARTICLE{berger2,
  author = "B Berger and PW Shor",
  year =  1995,
  title= "Local Rules Switching Mechanism for Viral Shell Geometry",
  journal = "Technical report, MIT-LCS-TM-527"
  }
  
@ARTICLE{berger3,
  author = "R Schwartz and PE Prevelige and B Berger",
  year =  1998,
  title= "Local Rules Modeling of Nucleation-Limited Virus Capsid Assembly",
  journal = "Technical report, MIT-LCS-TM-584"
  }
  
@ARTICLE{zlotnick1,
	author = "A Zlotnick and JM Johnson and PW Wingfield and SJ Stahl and D Endres",
	year =  1999,
	title= "A theoretical model successfully identifies features of hepatitis B virus capsid assembly",
	journal = "Biochemistry", 
	volume = 38,
	pages= "14644-14652"
}

@BOOK{kimura,
  author = "M Kimura",
  year =  1983,
  title= "The Neutral Theory of Molecular Evolution",
  publisher = "Cambridge University Press"
  }
  
@BOOK{kaufmann1993,
  author = "S A Kauffman",
  year =  1993,
  title= "The Origins of Order: Self-Organization and Selection in Evolution",
  publisher = "Oxford University Press"
  }
  
@BOOK{kaufmann1995,
  author = "S A Kauffman",
  year =  1995,
  title= "At Home in the Universe: The Search for the Laws of Self-Organization and Complexity",
  publisher = "Oxford University Press",
  }


@INPROCEEDINGS{bib:virus,
  author="Virus structure visualization software",
  title = "www.bocklabs.wisc.edu/virusviztop.html"
}


@INPROCEEDINGS{bib:DYANA,
  author="DYANA",
  title="http://www.mol.biol.ethz.ch/dyana/",
  booktitle="NMR structure software"
   }

@INPROCEEDINGS{bib:CNS,
  author="CNS",
  title = "http://cns.csb.yale.edu/v1.0/",
  booktitle="NMR structure software"
}

@INPROCEEDINGS{bib:XPLOR,
  author="XPLOR",
  title = "http://atb.csb.yale.edu/xplor-info/ ",
  booktitle="NMR structure software"
}

@INPROCEEDINGS{bib:CAT,
  author="CAT",
  title="http://www.dkfz-heidelberg.de/spec",
  booktitle="Conformational analysis software"
   }

@INPROCEEDINGS{bib:D-cubed,
  author="J. Owen",
  booktitle="D-cubed commercial geometric constraint solving software",
  title="www.d-cubed.co.uk/"
  }

@ARTICLE{bib:Berger,
  author="B. Berger and P. Shor and  J. King and  D. Muir and R. Schwartz and L. Tucker-Kellogg", 
title="Local rule-based theory of virus shell assembly", 
  journal="Proc. Natl. Acad. Sci. USA", 
  volume = 91,
  pages="7732-7736",
  year=1994 }

@INPROCEEDINGS{bib:virus,
  author="Virus structure visualization software",
  title="www.bocklabs.wisc.edu/virusviztop.html"
  }

@INPROCEEDINGS{bib:conform,
  author="CONGEN",
  booktitle="Conformational analysis software ",
  title="http://www-nmr.cabm.rutgers.edu/NMRsoftware/homologymodel",
  }

@inproceedings{bib:halperin1,
    author = "Paul W. Finn and Lydia E. Kavraki and Jean-Claude Latombe and Rajeev Motwani and Christian R. Shelton and Suresh Venkatasubramanian and A. Yao",
    title = "{RAPID}: Randomized Pharmacophore Identification for Drug Design",
    booktitle = "Symposium on Computational Geometry",
    pages = "324-333",
    year = "1997",
    url = "citeseer.nj.nec.com/article/finn97rapid.html" }

@inproceedings{bib:halperin2, 
    author = "Finn and Halperin and Kavraki and Latombe and Motwani and Shelton and Venkatasubramanian",
    title = "Geometric Manipulation of Flexible Ligands",
    booktitle = "{WACG}: 1st Workshop on Applied Computational Geometry: Towards Geometric Engineering, {WACG}",
    publisher = "LNCS",
    year = "1996",
    url = "citeseer.nj.nec.com/finn96geometric.html" }

@INPROCEEDINGS{bib:Altman,
  author="L. Wei and R.B. Altman and J.T. Chang",
  title="Using the radial distributions of physical features to 
           compare amino acid environments and align amino acid sequences",
  booktitle="Pac Symp Biocomput.", 
  pages="465-476",
  year=1997 }

@ARTICLE{bib:Altman2,
  author="M. Gerstein and  R.B. Altman",
  title="Average core structures and variability measures for protein families: application to the immunoglobulins",
  journal="J. Mol. Biol.",
  volume = 251,
  number = 1,
  pages="161-175",
  year=1995 }


@ARTICLE{bib:Chen,
  author="C.C. Chen and J.P. Singh and R.B. Altman",
  title="Hierarchical organization of molecular structure computation",
  journal="J. Comput Biol.",
  volume = 5,
  number = 3,
  pages="409-422",
  year=1998 }

@INPROCEEDINGS{bib:Stantens,
  author="R. Burkhardt, Tensegrity solutions",
  title="http://www.channel1.com/users/bobwb/prospect/prospect.htm",
  booktitle="A tool for designing tensegrity domes and spheres",
  }


@ARTICLE{bib:guest1,
  author="P.W. Fowler and  S.D. Guest",
  title="A Symmetry Extension of Maxwell's Rule for Rigidity of Frames", 
  journal="International Journal of Solids and Structures", 
  volume = 37,
  pages="1793-1804",
  year=2000 }

@ARTICLE{bib:guest2,
  author="P.W. Fowler and  S.D. Guest",
  title="Symmetry adapted equilibrium matrices", 
  journal="International Journal of Solids and Structures", 
  volume = 37,
  pages="1525-1548",
  year=2000 }

@ARTICLE{bib:guest3,
  author="R.D. Kangwai and  S.D. Guest",
  title="Detection of Finite Mechanisms in Structures", 
  journal="International Journal of Solids and Structures", 
  volume = 36,
  pages="5507-5527",
  year=1999}


@INPROCEEDINGS{bib:Cardiff,
  author="B.I. Mills and F.C. Langbein and A.D. Marshall and R. R. Martin",
  title="Approximate symmetry detection for reverse engineering",
  booktitle="proceedings of ACM solid modeling symposium",
  pages="241-251",
  year=2001}

@BOOK{bib:Selig,
  title="Geometrical methods in robotics",
  author="J.M. Selig",
  publisher="Springer Monographs in Computer Science", 
  year=1996}


@BOOK{bib:Sturmfels,
  author="Bernd Sturmfels",
  title="Algorithms in Invariant Theory",
  publisher="Springer texts in symbolic computation", 
  year=1993}

@INPROCEEDINGS{bib:White,
  author="N. White",
  title="Coxeter Matroids of Gelfand et. al",
  booktitle="Seattle Matroid Conference",
  year=1995}

@INPROCEEDINGS{bib:White2,
  author="N. White",
  title="Grassman-Cayley algebras:a tutorial",
  booktitle="in Invariant methods in discrete and computational geometry, Kluwer Dordrecht",
  year=1995}

@ARTICLE{bib:Whiteleytens,
  author="B. Roth and W. Whiteley",
  title="Tensegrity frameworks",
  journal="Trans. Amer. Math",
  volume=265,
  pages="419-446",
  year=1981}

@INPROCEEDINGS{bib:Whiteley,
  author= "W. Whiteley",
  title="Matroids and Rigidity",
  booktitle="in Matroid Applications, Neil White editor, Cambridge University Press",
  year=1993}


@INPROCEEDINGS{bib:Shenker,
  author="S. Shenker",
  title="Making greed work in networks: a game-theoretic analysis",
  booktitle="Proc. ACM-SIGCOMM ",
  pages="47--57",
  year=1994 }

@INPROCEEDINGS{bib:Papa,
  author="C. Papadimitriou",
  title="Algorithmic issues in game theory",
  booktitle="ACM STOC",
  year=2001 }

@INPROCEEDINGS{bib:Klein,
  author="J. Kleinberg and  A. Kumar and  Y. Rabani and  E. Tardos",
  title="Fairness measures in optimization",
  booktitle="manuscript",
  year=2001 }


@ARTICLE{bib:Orda,
  author="A. Orda and R. Rom and N. Shimkin",
  title="Competitive routing in multiuser networks",
  journal="IEEE Transactions in Networking",
  volume = 1,
  number = 5,
  year=1993}


@INPROCEEDINGS{bib:PaSi,
  author="K. Park, M. Sitharam, S. Chen",
  title="Quality of service provision in noncooperative networks
                with diverse user requirements",
journal = "Decision Support Systems,
                Special Issue on Information and Computation Economies",
  volume = 28,
  pages="101-122",
  year=2000}

@BOOK{bib:Ahuja93,
  author="R.K.~Ahuja, T.L.~Magnanti and J.B.~Orlin",
  title="Network Flows",
  publisher="Prentice-Hall", 
  year=1993}

@INPROCEEDINGS{bib:AAJM93,
  author="S. {Ait-Aoudia} and R. Jegou and D. Michelucci",
  title="Reduction of Constraint Systems",
  booktitle="Compugraphics",
  pages="83--92",
  year=1993 }

@ARTICLE{bib:All95,
author= "V. Allada and S. Anand",
title ="Feature-based modeling approaches for integrated manufacturing: state-of-the-art survey and future resear
ch directions",
journal = "International Journal for Computer Integrated Manugfacturing",
pages="411-440",
 volume=8,
year=1995}


@ARTICLE{bib:BeKoRe86, 
author= "M. {Ben-Or} and D. Kozen and J. Reif", 
title=  "The complexity of elementary algebra and geometry", 
journal= "J. Comp. and Sys. Sci.", 
volume= 32,
pages= "251-264",
year= 1986}

@ARTICLE{bib:Blum89,
author= "L. Blum and M. Shub and S. Smale",
title="On a theory of computation and complexity over the 
real numbers: NP-completeness, recursive functions and universal machines",
journal="Bulletin of the Amer. Math. Soc",
volume=21,
pages="1-46",
year=1989}

@ARTICLE{bib:BoFHCP93,
  author="W. Bouma and I. Fudos and C. Hoffmann and J. Cai and R. Paige",
  title="A Geometric Constraint Solver",
  year=1995,
  journal="Computer Aided Design",
  volume=27,
  pages="487--501"}


@ARTICLE{bib:BrBo00,
  author="G. Brunetti and B. Golob", 
  title="A feature based approach towards an integrated product model including conceptual
design information",
  year=2000,
  journal="Computer Aided Design",
  volume=32,
  pages="877--887"}


@INPROCEEDINGS{bib:BroJa94, 
  author="W.F. Bronsvoort and F.W. Jansen",
  title="Multiview Feature modeling for design and assembly",
  booktitle="Advances in Feature Based Modeling",
editor= "J.J. Shah and  M. {Mantyla} and D.S. Nau ed.s",
publisher = "Elsevier Science",
  pages="315-330",
  year=1994
}

@BOOK{bib:BrRo98, 
  author="B. Bruderlin and R. Roller ed.s",
  title="Geometric constraint solving and applications",
publisher = "Springer-Verlag",
  year=1998
}

@INPROCEEDINGS{bib:DoBr99, 
  author="U. Doering and B. Bruderlin", 
  title="A Declarative Modeling System", 
  booktitle="CAD Systems Development -Tools and Methods",
editor= "P. Brunet", 
publisher = "SpringerVerlag",
  pages="To appear",
  year=1999
}

@INPROCEEDINGS{bib:Brude86,
  author="B. Bruderlin",
  title="Constructing three-dimensional geometric object defined by constraints
",
  booktitle="ACM SIGGRAPH",
  publisher = "Chapel Hill",
  year=1986
  }

@INPROCEEDINGS{bib:Brude91,
  author="B. Bruderlin",
  title="Robust regularized set operations on polyhedra",
  booktitle="Hawaii International Conference on System Science",
  year=1991
  }



@ARTICLE{bib:Brude93,
  author="B. Bruderlin",
  year=1993,
  title="Using geometric rewrite rules for solving geometric problems symbolically",
  journal="Theoretical Computer Science",
  volume=116,
  pages="291--303"
  }

@ARTICLE{bib:Ca93,
  author="J. Canny",
  title="Improved Algorithms for Sign Determination and
Existential Quantifier Elimination",
  year=1993,
  journal="Computer Journal",
  volume=36,
  number=5
  }

@INPROCEEDINGS{bib:CaEm93,
author= "J. Canny, I. Emiris", 
title= "An efficient algorithm for the sparse mixed resultant",
booktitle="Proc. 10th Intern. Symp. on Applied Algebra, Algebraic Algorithms, and Error Correcting Codes",
editor= "G. Cohen, T. Mora, O. Moreno ed.s",
publisher = "Lecture Notes in Computer Science, Springer-Verlag",
volume= 263,
pages= "89 - 104",
year= 1993}



@INPROCEEDINGS{bib:CheHo95a,
  author="X. Chen and C. Hoffmann",
  title="Design Compilation for Feature-Based and Constraint-Based {CAD}",
  booktitle="Proc 3rd {ACM} Symp on Solid Modeling",
  year=1995}

@TECHREPORT{bib:ChoGaZ96,
year = 1996,
title = "A method of solving geometric constraints",
author = "S. C. Chou and X. S. Gao and J. Z. Zhang",
institution = "Wichita State University",
address = "Dept. of Computer Sci."
}

@ARTICLE{bib:ChoGa98,
  author="X.S. Gao and S.C. Chou",
  title="Solving geometric constraint systems. I. A global propagation approach",
  year=1998,
  journal="Computer Aided Design",
  volume=30,
  number=1,
  pages= "47-54"
  }

@ARTICLE{bib:ChoGa98a,
  author="X.S. Gao and S.C. Chou",
  title="Solving geometric constraint systems. II. A symbolic approach and decision of RC-constructibility",
  year=1998,
  journal="Computer Aided Design",
  volume=30,
  number=1,
  pages= "115-122"
  }


@INCOLLECTION{bib:Co,
  author="G.E. Collins",
	year = 1975,
  title="Quantifier Elimination for Real Closed
Fields by Cylindrical Algebraic Decomposition",
  publisher="Springer-Verlag",
	booktitle = "Lect. Notes in CS, Vol 33",
  pages="134-183"
}

@BOOK{bib:Cox98,
  author="D. Cox and J. Little and D. O'Shea", 
  title="Using algebraic geometry",
  publisher="Springer-Verlag",
  year=1998}

@BOOK{bib:CriHa88,
  author="G. Crippen and T. Havel",
  title="Distance Geometry and Molecular Conformation",
  publisher="John Wiley \& Sons",
  year=1988}

@BOOK{bib:Duffy,
  author="J. Duffy",
  title="Statics and Kinematics with Application to Robotics",
  publisher="Cambridge University Press",
  year=1996}

@ARTICLE{bib:Duf00,
  author="J. Duffy and J. Rooney and B. Knight and C.D. Crane",
  year = 2000,
  title ="A Review of a Family of Self-Deploying Tensegrity
               Structures with Elastic Ties",
  journal="The Shock and Vibration Digest",
  volume=32,
  number=2,
  pages="100--106"
  }

@PhDThesis{bib:Durand98,
  author = "C. Durand",
  title = "Symbolic and Numerical Techniques for Constraint Solving",
  year = 1998,
  school = "Purdue University",
  address = "Computer Science Dept"}

@ARTICLE{bib:Eggl97,
  author="L. Eggli and  C. Hsu and  G. Elber and B. Bruderlin",
  year = 1997,
  title ="Inferring 3d models from freehand sketchers and constraints",
  journal="Computer Aided Design",
  volume=29,
  pages="101--112"
  }


@ARTICLE{bib:EvenTarjan75,
  author="S.~Even and R.~Tarjan",
  year=1975,
  title="Network flow and testing graph connectivity",
  journal="SIAM journal on computing",
  volume=3,
  pages="507--518"}

@PhDThesis{bib:Fa92,
  author="S. Fang",
  year=1992,
  title="Robustness in Geometric Modeling",
  school="Ph.D thesis, University of Utah"
  }


@BOOK{bib:FordF62,
  author="L.R.~Ford and D.R.~Fulkerson",
  title="Flows in Networks",
  publisher="Princeton Univ. Press",
  year=1962}

@PhDThesis{bib:Fudos95,
	author = "I. Fudos",
	year = 1995,
  title="Geometric Constraint Solving",
	school="Purdue University",
	address="Dept of Computer Science"
	}

@ARTICLE{bib:FudHo96b,
  author="I. Fudos and C. M. Hoffmann",
  year=1996,
  title="Correctness Proof of a Geometric Constraint Solver",
  journal="Intl. J. of Computational Geometry and Applications",
	volume = 6,
  pages="405--420"}

@ARTICLE{bib:FudHo96a,
   author="I. Fudos and C. M. Hoffmann",
   year=1996,
   title="Constraint-based parametric conics for {CAD}",
   journal="Computer Aided Design",
   volume = 28,
   pages = "91--100"}

@ARTICLE{bib:FudHo97,
   author="I. Fudos and C. M. Hoffmann",
   year=1997,
   title="A graph-constructive approach to solving systems of geometric constraints",
   journal="ACM Trans on Graphics",
   pages = "179-216"}

@INPROCEEDINGS{bib:Gabow88,
  author="H. Gabow and H. Westermann",
  year=1988,
  title="Forests, Frames and Games: Algorithms for Matroid Sums and Applications",
  booktitle="Proceedings of the twentieth annual ACM symposium on theory of computing",
  publisher="ACM press"}


@ARTICLE{bib:GrVo88,
  author =  "D. Y. Grigor'ev and N. N. Vorobjov",
  title="Solving Systems of Polynomial Inequalities in Subexponential Time",
  year=1988,
  journal="Journal of Symbolic Computation",
  volume=5,
  pages="37-64"}

@ARTICLE{bib:Goss88,
  author =  "D.C. Gossard, R.P. Zuffante and H. Sakurai",
  title="Representing imensions, tolerances, and features in MCAE systems",
  year=1988,
  journal="IEEE Computer Graphics and Application",
  volume=8,
  pages="51-59"}

@INPROCEEDINGS{bib:Ha96,
  author="J. Hastad",
  year=1996,
  title="Clique is hard to approximate within $n^{1-\epsilon}$",
  booktitle="Proceedings of Foundations of Computer Science",
  publisher="IEEE press"}

@INPROCEEDINGS{bib:Ye05,
  author="YinYu Ye",
  year=2005,
  title="A theory of semidefinite programming for sensor network 
localization",
  booktitle="Proceedings of SODA",
  publisher="ACM press"}


@ARTICLE{bib:Han98,
author= "J.H. Han and A.A.G. Requicha",
title ="Modeler-independent feature recognition in a distributed environment",
journal = "Computer Aided Design",
pages="453-463",
 volume=30,
year=1998}


@ARTICLE{bib:Havel91,
   author="T. Havel",
   title="Some examples of the use of distances as coordinates for {E}uclidean geometry",
   journal="J.\ of Symbolic Computation",
   volume=11,
   pages="579--594",
   year=1991}

@ARTICLE{bib:Hendrickson92,
author= "B. Hendrickson",
title="Conditions for unique graph realizations",
journal="SIAM J.\ Comput.",
volume=21,
pages="65-84",
year=1992}

@INCOLLECTION{bib:Hoffm97,
	author = "C. M. Hoffmann",
	title = "Solid Modeling",
	booktitle = "CRC Handbook on {\it Discrete and Computational Geometry}",
 	editor = "J. E. Goodman and J. {O'Rourke}",
	publisher = "CRC Press",
	address = "Boca Raton, FL",
	year = 1997}

@ARTICLE{bib:HofJu97,
  author="C. M. Hoffmann and R. {Joan-Arinyo}",
  year=1997,
  title="Symbolic Constraints in Constructive Geometric Constraint Solving",
  journal="J. Symbolic Computation",
  pages="in press"}

@ARTICLE{bib:HofJu98a,
  author="C. M. Hoffmann and R. {Joan-Arinyo}",
  year=1998,
  title = "Distributed Maintanence of multiple product views",
  journal ="Manuscript"
  }

@ARTICLE{bib:HofJu98,
  author="C. M. Hoffmann and R. {Joan-Arinyo}",
  year=1998,
  title = "{CAD} and the Product Master Model",
  journal ="Computer Aided Design",
  pages ="905--918"}

@INPROCEEDINGS{bib:HofPe95,
  author="C. M. Hoffmann and J. Peters",
  year=1995,
  title="Geometric Constraints for {CAGD}",
  booktitle="Mathematical Methods for Curves and Surfaces",
  editor="M. Daehlen and T. Lyche and L. Schumaker",
  pages="237--254",
  publisher="Vanderbilt University Press"}

@ARTICLE{bib:HofRo96,
  year=1996,
  author="C. M. Hoffmann and J. Rossignac",
  title="A Road Map to Solid Modeling",
  journal="IEEE Trans. Visualization and Comp. Graphics",
  volume=2,
  pages="3--10"}

@INCOLLECTION{bib:HofVe94b,
  author = "C. M. Hoffmann and P. J. Vermeer",
  title = "Geometric Constraint Solving in {$R^2$} and {$R^3$}",
  booktitle = "Computing in Euclidean Geometry",
  editor = "D. Z. Du and F. Hwang",
  publisher = "World Scientific Publishing",
  note = "second edition",
  year=1994}

@INPROCEEDINGS{bib:HofVe95a,
  author = "C. M. Hoffmann and P. J. Vermeer",
  title = "A Spatial Constraint Problem",
  booktitle = "Workshop on Computational Kinematics",
  publisher="INRIA Sophia-Antipolis",
  year = "1995",
  address="France"}

@INPROCEEDINGS{bib:HoLoSi97,
  author = "C. M. Hoffmann and A. Lomonosov and M. Sitharam",
	year = 1997,
	title = "Finding Solvable Subsets of Constraint Graphs",
	booktitle = "Constraint Programming '97 Lecture Notes in Computer Science 1330,
G. Smolka Ed., Springer Verlag",
	address = "Linz, Austria"
}

@INPROCEEDINGS{bib:HoLoSi99,
  author = "C. M. Hoffmann and A. Lomonosov and M. Sitharam",
	year = 1999,
	title = "Planning Geometric constraint decompositions via graph transformations",
booktitle = "AGTIVE '99 (Graph Transformations with
Industrial Relevance), Springer lecture notes,
LNCS 1779, eds Nagl, Schurr, Munch",
pages="309-324"
}

@INPROCEEDINGS{bib:HoLoSi98a,
  author = "C. M. Hoffmann and A. Lomonosov and M. Sitharam",
        year = 1998,
	title = "Geometric Constraint Decomposition",
	booktitle = "Geometric Constraint Solving",
        publisher = "Springer-Verlag", 
editor ="{Bruderlin} and Roller Ed.s"
}

@ARTICLE{bib:HoLoSi98b,
  author = "C. M. Hoffmann and A. Lomonosov and M. Sitharam",
        year = 2001,
	title = "Decomposition of geometric constraints systems, Part I: performance measures", 
        journal= "Journal of Symbolic Computation",
volume = 31,
number = 4
}

@ARTICLE{bib:HoLoSi98c,
  author = "C. M. Hoffmann and A. Lomonosov and M. Sitharam",
        year = 2001,
	title = "Decomposition of geometric constraints systems, Part II: new algorithms", 
        journal= "Journal of Symbolic Computation", 
        volume = 31,
        number =  4}



@ARTICLE{bib:HT73,
author= "J. E. Hopcroft and R. E. Tarjan",
title ="Dividing a graph into triconnected components",
journal = "SIAM J. Comput. 2",
volume = 2,
pages = "135-158",
year=1973}


@PHDTHESIS{bib:Hsu96,
	author = "{Ching-Yao} Hsu",
	year = 1996,
	title = "Graph-based approach for solving geometric constraint problems",
	school = "University of Utah",
	address = "Dept. of Comp. Sci."
}

@INPROCEEDINGS{bib:HsuBru97,
author= "C. Hsu and  G. Alt and  Z. Huang and  E. Beier and B. Bruderlin",
title ="A Constraint-based manipulator toolset for editing 3d objects",
booktitle = "1997 ACM/SIGGRAPH Symposium on Solid Modeling Foundations and CAD/CAM Applications",
year=1997}

@InProceedings{bib:Hsu97,
author= "C. Hsu and B, Bruderlin",
title ="A degree of freedom graph approach",
booktitle = "Geometric Modeling: Theory and Practice",
publisher = "Springer Verlag",
year=1997}

@BOOK{bib:Hunt,
  author="K.H. Hunt",
  title="Kinematic Geometry of Mechanisms",
  publisher="Oxford University Press",
  year=1978}


@ARTICLE{bib:Imai85,
author= "H. Imai",
title ="On combinatorial structures of line drawings of polyhedra",
journal ="Discrete Applied Mathematics",
volume = 10,
pages ="79-92",
year =1985}

@ARTICLE{bib:Itai78,
author= "A. Itai and M. Rodeh",
title ="Finding a minimum circuit in a graph",
journal ="SIAM J. Comput. 7",
volume = 4,
pages ="413-423",
year =1978}


@ARTICLE{bib:Kar93,
author= "David R. Karger and Clifford Stein",
title ="An $\sim{O}(n^2)$ algorithm for minimum cuts",
booktitle ="Proceedings of the Twenty-Fifth Annual ACM Symposium on the Theory o
f Computing",
pages ="757-765",
year =1993}

@INPROCEEDINGS{bib:Kar96a,
author = "D. Karger",
title="Minimum cuts in near linear time",
booktitle="Proceedings of the ACM Symposium on Theory of Computing",
year=1996}

@INPROCEEDINGS{bib:Kar96b,
author = "A. Benczur and D. Karger",
title="Approximate s-t minimum cuts in {\it O}$(n^2)$ time",
booktitle="Proceedings of the ACM Symposium on Theory of Computing",
year=1996}


@ARTICLE{bib:Kh78,
   author="A.G. Khovanskii",
   title="Newton polyhedra and the genus of complete intersections",
   journal="Funktsional'nyi Analiz i Ego Prilozheniya",
   volume = 12,
   number=1,
   pages= "51-61",
   year=1978}

@INPROCEEDINGS{bib:Kl96,
   author="R. Klein",
   title="Geometry and feature representation for an integration with 
knowledge based systems",
   booktitle="Geometric modeling and CAD",
   publisher="Chapman-Hall",
   year=1996}

@INPROCEEDINGS{bib:Kl98,
   author="R. Klein",
   title="The role of constraints in geometric modeling",
   booktitle="Geometric constraint solving and applications",
   editor="Bruderlin and Roller ed.s",
   publisher="Springer-Verlag",
   year=1998}

@INPROCEEDINGS{bib:KrDoBr97, 
author = "K.J. de Kraker and M. Dohmen and W.F. Bronsvoort",
title="Maintaining multiple views in feature modeling",
booktitle="ACM/SIGGRAPH Symposium on Solid Modeling Foundations and CAD/CAM
Applications",
publisher = "ACM press",
pages="123-130",
year=1997}

@INPROCEEDINGS{bib:KrDoBr95, 
author = "K.J. de Kraker and M. Dohmen and W.F. Bronsvoort",
title="Multiway feature conversion to support concurrent engineering",
booktitle="ACM Symposium on Solid Modeling", 
publisher = "ACM press",
pages="105-114",
year=1995}


@BOOK{bib:Kramer92,
   author="G. Kramer",
   title="Solving Geometric Constraint Systems",
   publisher="MIT Press",
   year=1992}

@ARTICLE{bib:Laman70,
author="G. Laman",
title="On graphs and rigidity of plane skeletal structures",
journal="J. Engrg. Math.",
volume=4,
year=1970,
pages= "331-340"}

@ARTICLE{bib:LatMi96,
 author = "R. Latham and A. Middleditch",
 title = "Connectivity analysis: a tool for processing geometric constraints",
 journal = "Computer Aided Design",
 volume = 28,
 year = 1996,
 pages = "917--928"}

@BOOK{bib:Lawler76,
  author="E. Lawler",
  title="Combinatorial optimization, networks and Matroids",
  publisher="Holt, Rinehart and Winston",
  year=1976}

@ARTICLE{bib:La81,
author= "D. Lazard",
title ="R\' esolution des syst\` emes d'\' equations alg\' ebriques",
journal = "Theoretical Computer Science",
volume = 15,
pages = "77-110",
year=1981}

@ARTICLE{bib:La91,
   author="D. Lazard",
   title=" A New Method for Solving Algebraic Systems of
                 Positive Dimension",
   journal="Discrete Applied Mathematics",
   volume = 33,
   number=1,
   pages= "147-160",
   year=1991}


@INPROCEEDINGS{bib:LazMe94,
  author =  "D. Lazard and J.-P. Merlet",
  title =   "The (true) {S}tewart Platform has 12 Configurations",
  booktitle="Proc. IEEE Conf. Robotics and Automation",
  year =    "1994"}

@INPROCEEDINGS{bib:LoSi04,
  author = "A. Lomonosov and M. Sitharam",
        year = 2004,
	title = "Graph algorithms  for geometric constraint solving",
	booktitle = "submitted, based on Lomonosov's Univ Florida PhD Thesis, 04"
}

@INPROCEEDINGS{bib:MaOpPu89, 
  author="M. Mantyla and J. Opas and J. Puhakka",
title="Generative process planning of prismatic parts by feature relaxation",
booktitle="Advances in Design Automation, Computer Aided and Computational
Design",
publisher = "ASME",
pages="49-60",
year=1989}


@INPROCEEDINGS{bib:MiRe97, 
  author="A. Middleditch and C. Reade",
title="A kernel for geometric features",
booktitle="ACM/SIGGRAPH Symposium on Solid Modeling Foundations and CAD/CAM
Applications",
publisher = "ACM press",
year=1997}

@ARTICLE{bib:Merlet89,
  author="J.P. Merlet",
  title="Singular configurations of parallel manipulators and Grassman
           geometry",
  journal="International Journal of Robotics Research",
  volume=8,
  pages="45-56",
  year=1989}

@ARTICLE{bib:Motro96,
  author="R. Motro",
  title="Structural morphology of tensegrity systems",
  journal="International Journal of Space Structures",
  volume=11,
  pages="233--240",
  year=1996}

@ARTICLE{bib:NaWM90,
  author="P. Nanua and K. Waldron and V. Murthy",
  title="Direct kinematic solution of a {S}tewart platform",
  journal="IEEE Trans. on Robotics and Automation",
  volume=6,
  pages="438--444",
  year=1990}

@INPROCEEDINGS{bib:NeEv76, 
  author="M.E. Newell and D.C. Evans",
  year=1976,
  booktitle="IFIP Working Conference on CAD systems",
  title="Modeling by Computer",
  address="Austin, Tex",
publisher="North-Holland",
  pages="291-297"}

@TECHREPORT{bib:OuSi02,
year = 2002,
title = "A fast, simple solver for constraints without parameters",
author = "J. J. Oung and M. Sitharam",
institution = "University of Florida",
address = "FRONTIER opensource software suite http://www.gnu.org"
}

@INPROCEEDINGS{bib:OuSi01,
year = 2001,
title = "FRONTIER: fully enabling geometric constraints for feature based
design and assembly",
booktitle="abstract in Proceedings of the ACM Solid Modeling conference",
author = "J. J. Oung and M. Sitharam and B. Moro and A. Arbree"
}

@INPROCEEDINGS{bib:OuSi02a,
year = 2001,
title = "FRONTIER: geometric constraints for feature based
design",
booktitle="manuscript",
author = "M. Sitharam and J. J. Oung and  B. Moro and N. Kohareswaran",
address = "http://www.cise.ufl.edu/~sitharam/full-frontier.ps"
}

@TECHREPORT{bib:Si00,
year = 2000,
title = "Dealing with interwined feature hierarchies",
author = "M. Sitharam",
institution = "University of Florida",
address = "CISE department"
}
  
  
@INPROCEEDINGS{bib:Owen91,
  author="J. Owen",
  year=1991,
  title="Algebraic solution for Geometry from Dimensional Constraints",
  booktitle="ACM Symp. Found. of Solid Modeling",
  address="Austin, Tex",
  pages="397--407"}

@INPROCEEDINGS{bib:Owen93,
  author= "J. Owen",
  title = "Constraints on Simple Geometry in Two and Three Dimensions",
  booktitle    = "Third SIAM Conference on Geometric Design",
  organization = "SIAM",
  year         = "1993",
  month        = "November",
  note="To appear in Int J of Computational Geometry and Applications"}

@INPROCEEDINGS{bib:Pa93,
   author="J.A. Pabon",
   title = "Modeling method for sorting dependencies among geometric entities",
   booktitle="US States Patent 5,251,290",
   month = "Oct",
   year=1993}


@ARTICLE{bib:Re92,
  author="J. Renegar",
  title="On the Computational Complexity and the First Order Theory
of the Reals, Part I",
  year=1992,
  journal="Journal of Symbolic Computation",
  volume=13,
  pages="255-299"}




@INCOLLECTION{bib:roller89,
        author    = "Dieter Roller",
        title     = "{Dimension-Driven geometry in CAD : a Survey}",
        booktitle = "Theory and {P}ractice of {G}eometric {M}odeling",
        publisher = "Springer Verlag",
        year      = "1989",
        pages     = "509-523"
}
@ARTICLE{bib:Rap93,
author= "A. Rappoport and M.J.G.M. van Emmerik",
title ="User Interface devices for rapid and exact number specification",
journal= "ACM Transactions on Graphics",
volume =12,
pages="348-354",
year=1993}


@ARTICLE{bib:Ruiz,
       author = "O. E. Ruiz and P. M. Ferreira",
       title = "Algebraic geometry and group theory in geometric constraint
 satisfaction for computer-aided design and assembly planning",
       journal = "IIE Transactions on Design and Manufacturing",
       volume = 28,
       pages = "281-294",
      year = 1996}

@INPROCEEDINGS{bib:Ross86,
author= "J. P. Rossignac",
title ="Constraints in constructive solid geometriy",
booktitle ="Workshop on Interactive 3D Graphics",
publisher = "Chapel Hill",
  pages="23-24",
  year=1986}

@ARTICLE{bib:Sad96,
author= "S.Sadao",
title ="Fuller on Tensegrity",
journal= "International Journal of Space Structures",
volume=11,
number=1,
pages="37-42",
year=1996}

@ARTICLE{bib:Soh91,
author= "W. Sohrt and B. Bruderlin",
title ="Interaction with constraints in 3D modeling",
journal= "International Journal of Computational Geometry and Application",
pages="405-425",
year=1991}


@INPROCEEDINGS{bib:Sem76,
author = "O.I. Semenkov",
title = "An experimental CAD/CM system",
booktitle = "3rd international IFIP/IFAC conference on Programming
Languages for Machine Tools",
publisher = "North-Holland",
address = "Stirling, Scotland",
pages = "397 -403",
year = 1976}

@INPROCEEDINGS{bib:SeGo86,
author = "D. Serrano and D.C. Gossard",
title = "Combining Mathematical Models with Geometric Models in CAE systems",
booktitle = "Proc. Computers in Engineering",
address = "Chicago, IL",
pages = "903 -909",
year = 1986}

@INPROCEEDINGS{bib:Se90,
author = "D. Serrano",
title = "Managing Constraints in Concurrent Design: first steps",
booktitle = "Proc. Computers in Engineering",
address = "Boston, MA",
pages = "159 -164",
year = 1990}


@ARTICLE{bib:SrAgKi93,
       author = "N. Sridhar and R. Aggarwal and G.L. Kinzel",
       title = "Active occurence matrix based approach to design 
                decomposition",
       journal = "Computer Aided Design",
       volume = 25,
       number = 8,
       pages = "500-512",
      year = 1993}

@ARTICLE{bib:SrAgKi96,
       author = "N. Sridhar and R. Aggarwal and G.L. Kinzel",
       title = "Algorithms for the structural diagnosis and decomposition
                of sparse, underconstrained, systems",
       journal = "Computer Aided Design",
       volume = 28,
       number = 4,
       pages = "237-249",
      year = 1996}


@INPROCEEDINGS{bib:St93,
author = "B. Sturmfels",
title = "Sparse Elimination Theory",
booktitle = "Proc. Computational Algebraic Geometry and Commutative Algebra",
publisher = "Cambridge University Press",
pages = "377 -396",
year = 1993}

@ARTICLE{bib:Sugihara85,
        author  = "K. Sugihara",
        title   = "Detection of structural inconsistency in systems of equations with degrees of freedom and its applications",
        journal = "Discrete Applied Mathematics",
        year    = "1985",
        volume  = 10, 
        pages   = "297-312"
}

@ARTICLE{bib:Tay85,
        author  = "T. Tay and W. Whiteley",
        title   = "Generating isostatic frameworks",
        journal = "Topologie Structurale",
        year    = "1985",
        volume  = 11, 
        pages   = "21-69"
}

@ARTICLE{bib:VaPo98,
        author  = "S. Vajna and G. Podehl",
        title   = "Durchgangige Produktmodulierung mit Features",
        journal = "CAD-CAM Report",
        year    = "1998",
        volume  = 3, 
        pages   = "1-8"
}


@INPROCEEDINGS{bib:Verme97,
	year = 1997,
	author = "P. Vermeer",
	title = "Assembling objects through parts correlation",
	booktitle = "Proc. 13th Symp on Comp Geometry",
	address = "Nice, France"}

@ARTICLE{bib:verroust1,
        author  = "A. Verroust and F. Schonek and D. Roller",
        title   = "Rule-oriented method for parameterized computer-aided design",
        journal = "Computer Aided Design",
        year    = "1992",
        volume  = 24, 
        number  = 3, 
        pages   = "531-540",
        month   = "October"
}

@ARTICLE{bib:Wa93,
   author="D. Wang",
   title=" An Elimination Method for Polynomial Systems",
   journal= "J. Symbolic Computation",
   volume = 16,
   pages= "83-114",
   year=1993}

@ARTICLE{bib:Wunde65,
  author="W. Wunderlich",
  title="Starre, kippende, wackelige und bewegliche {A}chtflache",
  journal="Elemente der Mathematik",
  volume=20,
  pages="25--48",
  year=1965}

@INCOLLECTION{bib:Whiteley92,
author="W. Whiteley",
title="Matroids and Rigid structures",
booktitle="Matroid Applications",
publisher="Cambridge University Press",
year="1992",
pages="1-53"}

@INCOLLECTION{bib:Whiteley97,
author="W. Whiteley",
title="Rigidity and Scene Analysis",
booktitle="Handbook of Discrete and Computational Geometry",
publisher="CRC Press",
year="1997",
pages="893 --916"}

@ARTICLE{vanOverveld:phong,
    AUTHOR = "C. W. A. M. Van Overveld and B. Wyvill",
    TITLE = "Phong Normal Interpolation Revisited",
    JOURNAL = {ACM Trans. on Graphics},
    VOLUME = {16},
    NUMBER = {4},
    PAGES = {397-419},
    MONTH = "October",
    YEAR = {1997}   }
}
@InProceedings{Farin:1983:SIS,
  author =       "Gerald Farin",
  title =        "Smooth interpolation to scattered 3{D} data",
  pages =        "43--63",
  booktitle =    "Surfaces in Computer-Aided Geometric Design",
  year =         "1983",
  editor =       "Robert E. Barnhill and Wolfgang Boehm",
  publisher =    "North-Holland",
  conference =   "held in Black Forest, West Germany; 26-30 April 1982",
  keywords =     "bernstein-bezier, triangular polynomial patches",
}




%-----------------------------------
@ARTICLE{bib:bajo1,
  author="Baker T. S and Johnson J. E",
  title="Low resolution meets high: towards a resolution continuum from cells to atoms.  ",
  journal="Current Opinions in Structural Biology",
  volume=6,
  pages="585-594",
  year=1996}



@ARTICLE{bib:bradcldegrkujikuniparerisiwa1,
  author="A Bringer et al",
  title=" Crystallography and NMR systems: a new software suite for macromolecular structure determination.",
  journal="Acta Crystallographica",
  volume= "D54",
  pages="905-921",
  year=1998}


@ARTICLE{bib:bugoyavoalsochmcmc1,
  author="Bubb M. R. L. Govindasamy L. Yarmola E. G.Vorobiev S. M. Almo S. C. Somasundaram T. Chapman M. S. Agbandje-McKenna. M. and McKenna R.",
  title="Polylysine induces an antiparallel actin dimer that nucleates filament assembly.",
  journal="Journal of Biological Chemistry",
  volume= 277,
  pages="20999-21006",
  year=2002}


@ARTICLE{bib:cezl1,
  author="P Ceres  and A Zlotnick",
  title="Weak protein-protein interactions are sufficient to drive assembly of hepatitis B virus capsids.",
  journal="Biochemistry",
  volume= 41,
  pages="11525-11531",
  year=2002}

@ARTICLE{bib:hellfomcpomcal1,
  author="Hernando E. Llamas-Saiz A. L. Foces-Foces C. McKenna R. Portman, I. Agbandje-McKenna M. and Almendral J. M.",
  title="Biochemical and physical characterization of parvovirus minute virus of mice virus-like particles. ",
  journal="Virology",
  volume=267,
  pages="299-309",
  year=2000}

@ARTICLE{bib:jozocokj1,
  author="T Jones and J Y Zou  and S W  Cowan and M Kjeldgaard ",
  title="Improved methods for building  protein models in electron density maps and the location of errors in these models.",
  journal="Acta Crystallographica",
  volume="A97",
  pages="110-119",
  year=1991}



@ARTICLE{bib:loramcal1,
  author = "E Lombardo  and JC Ramrez  and M Agbandje-McKenna and JM Almendral ",
  year = 2000,
  title= " A $\beta$-stranded  motif drives capsid protein oligomers of the parvovirus minute virus of mice into nucleus for viral assembly",
  journal = "Journal of Virology",
  volume = 74,
  pages= "3804-3814"
}

@ARTICLE{bib:pakuciga1,
  author = "Palanichelvam K., Kunik T., Citovsky V. and Gafni Y.",
  year = 1998,
  title= "The capsid protein of tomato yellow leaf curl virus binds cooperatively to single-stranded DNA",
  journal = " Journal of General Virology",
  volume = 79,
  pages= "2829-2833"
}

@ARTICLE{bib:sizhst1,
  author = "Siefer M., Zhou S. and Standing D. N.",
  year = 1993,
  title= "A micromolar pool of antigenically distinct precursors is required to initiate cooperative assembly of hepatitis B virus in Xenopus oocytes.",
  journal = " Journal of Virology",
  volume = 67,
  pages= "249-257"
}

@ARTICLE{bib:wugologukumcmc1,
  author = "Wu  D. Govindasamy L. Lian W. Gu Y. Kukar T. Agbandje-McKenna M. and McKenna R.",
  year = 2003,
  title= "Structure of human carnitine acetyltransferase:Molecular basis for fatty acyl transfer.",
  journal = "Journal of  Biological Chemistry",
  volume = 278,
  pages= "13159-13165"
}


@ARTICLE{bib:wuxicohumcfeflmu1,
  author = "Wu P. Xiao W. Conlon T. Hughes J. Agbandje-McKenna M. Ferkol T. Flotte T. and Muzyczka N.",
  year = 2000,
  title= "Mutational analysis of the adeno-associated virus type 2 (AAV2) capsid gene and construction of AAV2 vectors with altered tropism.",
  journal = "Journal of Virology ",
  volume = 74,
  pages= "8635-8647"
}




@BOOK{bib:ed,
   author= "Edmondson, A",
   title="A Fuller Explanation: The Synergetic Geometry of R. Buckminster Fuller",
   publisher="Birkhauser Verlag",
   year=1987}


@BOOK{bib:fu,
   author="Fuller, R.",
   title="Synergetics: Explorations in the Geometry of Thinking",
   publisher="MacMillan Publishing Co., Inc., New York",
   year=1975}


@ARTICLE{bib:yiducr1,
  author = "Yin J. Duffy, J. and Crane C.",
  year = 2002,
  title= "An Analysis for the Design of Self-Deployable Tensegrity and Reinforced Tensegrity Prisms with Elastic Ties",
  journal = " International Journal of Robotics and Automation, Special Issue on Compliance and Compliant Mechanisms",
  volume = 17,
  issue=1}


@MASTERSTHESIS{bib:to1,
	author = "Tobie, R.S.",
	year = 1976,
	title = "A Report on an Inquiry into The Existence, Formation and Representation of Tensile Structures",
	school = "Pratt Institute",
	address = "New York"
}

@BOOK{bib:ke1,
   author="Kenner, H.",
   title="Geodesic Math and How to Use It",
   publisher="University of California Press, Berkeley and Los Angeles, CA",
   year=1976}

@MASTERSTHESIS{bib:st1,
	author = "Stern, I.P.",
	year = 1999,
	title = "Development of Design Equations for Self-Deployable N-Strut Tensegrity Systems",
	school = "University of Florida",
	address = "Gainesville, FL"
}


@PHDTHESIS{bib:kn1,
	author = "Knight, B.F.",
	year = 2000,
	title = "Deployable Antenna Kinematics using Tensegrity Structure Design",
	school = "University of Florida",
	address = "Gainesville, FL"
}


@INPROCEEDINGS{bib:coducr1,
author = "Correa J. Duffy J. and Crane C.",
title = "Static Analysis of Tensegrity Structures, Part 1. Equilibrium Equations",
booktitle =  "proceedings of the 2002 ASME International Design Engineering Technical Conferences, Montreal", 
year =  2002}


@INPROCEEDINGS{bib:coducr2,
author = "Correa J. Duffy J. and Crane C.",
title = "Static Analysis of Tensegrity Structures, Part 2. Numerical Examples",
booktitle =  "proceedings of the 2002 ASME International Design Engineering Technical Conferences, Montreal", 
year =  2002} 

@INPROCEEDINGS{bib:coducr3,
author = "Correa J. Duffy J. and Crane C.",
title = "Static Analysis of Prestressed Tensegrity Structures",
booktitle =  "proceedings of the 2002 ASME International Design Engineering Technical Conferences, Montreal", 
year =  2002}


@BOOK{nano-handbook,
   author="D Brenner S Lyshefski G Iafrate WA Goddard",
   title="Handbook of nanoscience engineering and technology",
   publisher="CRC press",
   year=2002}


@BOOK{bucky-nano,
   author="BG DeVarco",
   title="Invisible architecture: Nanoworld of Buckminster Fuller",
   publisher="John Wiley \& Sons",
   year=1988}


@ARTICLE{whiteley,
  author = "B Roth  and W Whiteley",
  year = 1981,
  title= "Tensegrity Frameworks",
  journal = "Transactions of the AMS",
  volume = 265,
  pages = "419-446"}

@ARTICLE{preliminary,
  author = "M Sitharam, M Agbandje-McKenna",
  title= "Virus assembly modeling: avoiding dynamics (submitted manuscript)",
  journal = " ",
  volume = " ",
  pages = " ",
  year = 2003}
%-------------------------------------
@INPROCEEDINGS{bib:Aichholzer,
  author =	 "Oswin Aichholzer and Gunter Rote and Bettina Speckmann and Ileana Streinu",
  title =	 " The Zigzag Path of a Pseudo-Triangulation",
  booktitle =	 "Proc. 8th International Workshop on Algorithms and Data Structures (WADS) , Ottawa, Canada",
  pages =	 "377--388",
  year =	 2003
}

@ARTICLE{bib:Connelly03,
  author =	 "Robert Connelly and Erik Demaine and Gunter Rote ",
  year =	 2003,
  title =	 "Straightening Polygonal Arcs and Convexifying Polygonal Cycles",
  journal =	 "Discrete and Computational Geometry",
  volume =	 30,
  pages =	 "205-239"
}

@ARTICLE{bib:Connelly98,
  author =	 "Robert Connelly",
  year =	 1998,
  title =	 "Tensegrity Structures: why are they stable?",
  journal =	 "Rigidity Theory and Applications",
  pages =	 "47--54"
}

@BOOK{bib:Graver,
  author = 	 "Jack E. Graver and Brigitte Servatius and Herman
                  Servatius",
  title = 	 {Combinatorial Rigidity},
  publisher = 	 {Graduate Studies in Math., AMS},
  year = 	 {1993}
}
@INPROCEEDINGS{bib:Hass,
  author =	 "Ruth Hass and David Orden and Gunter Rote and
                  Francisco Santos and Brigitte Servatius and Herman
                  Servatius and Diane Souvaine and Ileana Streinu and
                  Walter Whiteley",
  title =	 "Planar Minimally Rigid Graphs and
                  Pseudo-triangulations ",
  booktitle =	 "Proc. ACM Symp. Comp. Geometry (SoCG) San Diego,
                  California",
  pages =	 "154--163",
  year =	 2003
}
@ARTICLE{bib:Jacobs,
  author =	 "D. J. Jacobs and A. J. Rader and L. A. Kuhn and
                  M. F. Thorpe",
  year =	 2001,
  title =	 "Protein Flexibility Predictions Using Graph Theory",
  journal =	 "Proteins: Structure, Function, and Genetics",
  volume =	 44,
  pages =	 "150--165"
}
@INPROCEEDINGS{bib:Rote02,
  author =	 "Gunter Rote and Francisco Santos and Ileana Streinu",
  title =	 "On the Number of Embeddings of Minimally Rigid
                  Graphs",
  booktitle =	 "Proc. ACM Symp. Computational Geometry (SoCG)
                  Barcelona, June 5-7, 2002",
  pages =	 "25--32",
  year =	 2002
}
@INPROCEEDINGS{bib:Rote03,
  author =	 "Gunter Rote and Francisco Santos and Ileana Streinu",
  title =	 "Expansive Motions and the Polytope of Pointed
                  Pseudo-Triangulations",
  booktitle =	 "Discrete and Computational Geometry - The
                  Goodman-Pollack Festschrift",
  pages =	 "699--736",
  year =	 2003
}
@ARTICLE{bib:Roth,
  author =	 "B. Roth and W. Whiteley.",
  year =	 1981,
  title =	 "Tensegrity frameworks",
  journal =	 "Trans. Amer. Math. Soc.",
  volume =	 265,
  pages =	 "419-446"
}
@INPROCEEDINGS{bib:Streinu00,
  author =	 "Ileana Streinu",
  title =	 "A Combinatorial Approach to Planar Non-Colliding
                  Robot Arm Motion Planning",
  booktitle =	 "Proc. 41st ACM Annual Symposium on Foundations of
                  Computer Science (FOCS)",
  pages =	 "443--453",
  year =	 2000
}
@INPROCEEDINGS{bib:Streinu03a,
  author =	 "Ileana Streinu",
  title =	 "Combinatorial Roadmaps in Configuration Spaces of
                  Simple Planar Polygons",
  booktitle =	 "Proceedings of the DIMACS Workshop on on Algorithmic
                  and Quantitative Aspects of Real Algebraic Geometry
                  in Mathematics and Computer Science",
  pages =	 "181--206",
  year =	 2003
}
@Unpublished{bib:Streinu03b,
  author = 	 {Ileana Streinu and Walter Whiteley},
  title = 	 {Single-Vertex Origami and 3-dimensional Expansive
                  Motion},
  note=          {submitted,Dec. 2003 }
}


%-------------------
@INPROCEEDINGS{gossard,
  author=        "V. Lin, D. C. Gossard and R. Light",
  year=          "1981",
  title=         "Variational geometry in computer-aided design",
  booktitle=     "ACM SIGGRAPH",
  pages=         "171--179"
}

@INPROCEEDINGS{nelson,
  author=        "G. J. Nelson",
  year=          "1985",
  title=         "A costraint-based graphics system",
  booktitle=     "ACM SIGGRAPH",
  pages=         "235--243"
}

@ARTICLE{aldefeld,
  author=        "B. Aldefeld",
  year=          "1988",
  volume=        "20",
  title=         "Variation of geometries based on a geometric reasoning method",
  journal=       "CAD",
  pages=         "117--126"
}

@ARTICLE{todd,
  author=        "P. Todd",
  year=          "1989",
  volume=        "2",
  title=         "A k-tree generalization that characterizes consistency of dimensioned engineering drawings",
  journal=       "SIAM J. Discrete Mathematics",
  pages=         "255--261"
}

@ARTICLE{roller:1,
  author=        "D. Roller",
  year=          "1991",
  volume=        "23",
  title=         "An approach to computer-aided parametric design",
  journal=       "CAD",
  pages=         "303--324"
}

@ARTICLE{roller:2,
  author=        "A. Verroust and F. Schonek and D. Roller",
  year=          "1992",
  volume=        "24",
  title=         "Rule-oriented method for parametrized computer-aided design",
  journal=       "CAD",
  pages=         "531--540"
}

@Book{kramer,
  author =		 "G. Kramer",
  publisher =	 "MIT Press",
  title	=		 "Solving geometric constraint systems: a case study in kinematics",
  year =		 "1992"
}

@ARTICLE{kondo,
  author=        "K. Kondo",
  year=          "1992",
  volume=        "24",
  title=         "Algebraic method for manipulation of dimensional relationships in geometric models",
  journal=       "CAD",
  pages=         "141--147"
}

@ARTICLE{sridhar:1,
  author=        "N. Sridhar and R. Agrawal and G. L. Kinzel",
  year=          "1993",
  volume=        "25",
  title=         "An active occurrence-matrix-based approach to design decomposition",
  journal=       "CAD",
  pages=         "500--512"
}

@ARTICLE{sridhar:2,
  author=        "N. Sridhar and R. Agrawal and G. L. Kinzel",
  year=          "1995",
  volume=        "28",
  title=         "Algorithms for the structural diagnosis and decomposition of sparse, underconstrained design systems",
  journal=       "CAD",
  pages=         "237--249"
}

@ARTICLE{middleditch,
  author=        "R. S. Latham and A. E. Middleditch",
  year=          "1996",
  volume=        "28",
  title=         "Connectivity analysis: a tool for processing geometric constraints",
  journal=       "CAD",
  pages=         "917--928"
}

@ARTICLE{robert,
  author=        "R. Joan-Arinyo and A. Soto",
  year=          "1997",
  volume=        "21",
  title=         "A correct rule-based geometric constraint solver",
  journal=       "Computers & Graphics",
  pages=         "599--609"
}

@INPROCEEDINGS{owen,
  author=        "J. C. Owen",
  year=          "1991",
  title=         "Algebraic solution for geometry from dimensional constraints",
  booktitle=     "ACM Symposium of solid modeling",
  pages=         "397--407"
}

@ARTICLE{lee,
  author=        "J. Y. Lee and K. Kim",
  year=          "1998",
  volume=        "30",
  title=         "A 2-D geometric constraint solver using DOF-based graph reduction.  Computer Aided Design",
  journal=       "CAD",
  pages=         "883--896"
}

@ARTICLE{bouma,
  author=        "W. Bouma and I. Fudos and C. M. Hoffmann and J. Cai and R. Paige",
  year=          "1995",
  volume=        "27",
  title=         "A geometric constraint solver",
  journal=       "CAD",
  pages=         "487--501"
}

@Book{fudos:1,
  author =		 "I. Fudos",
  publisher =	 "Ph.D. thesis, Dept. of Computer Sciences, Purdue University",
  month =		 "August",
  title	=		 "Constraint solveing for computer aided design",
  year =		 "1995"
}

@ARTICLE{fudos:2,
  author=        "I. Fudos and C. M. Hoffmann",
  year=          "1996",
  volume=        "6",
  title=         "Correctness proof of a geometric constraint solver",
  journal=       "J. Comp. Geometry and Applic.",
  pages=         "405--420"
}

@ARTICLE{fudos:3,
  author=        "I. Fudos and C. M. Hoffmann",
  year=          "1997",
  volume=        "16",
  title=         "A graph-constructive approach to solving systems of geometric constraints",
  journal=       "ACM Transactions on Graphics",
  pages=         "179--216"
}

@INPROCEEDINGS{hoffmann:1,
  author=        "C. M. Hoffmann and J. Peters",
  year=          "1995",
  title=         "Geometric constraint for {CAGD}",
  editor=        "Daehlen, M. and Lyche, T. and Schumaker L.",
  booktitle=     "Mathematical Methods for Curves and Surfaces",
  pages=         "237--254"
}

@INPROCEEDINGS{hoffmann:2,
  author=        "C. M. Hoffmann and R. Vermeer",
  year=          "1995",
  title=         "Geometric constraint solving in ${R}^2$ and ${R}^3$",
  editor=        "Du D. Z. and Hwang F.",
  booktitle=     "Computing in Euclidean Geometry",
  pages=         "266--298"
}

@ARTICLE{hoffmann:3,
  author=        "C. M. Hoffmann and R. Joan-arinyo",
  year=          "1997",
  volume=        "23",
  title=         "Symbolic constraints in geometric constraint solving",
  journal=       "J. for Symbolic Computation",
  pages=         "287--300"
}

@INPROCEEDINGS{hoffmann:4,
  author=        "C. M. Hoffmann and A. Lomonosov and M. Sitharam",
  year=          "1997",
  title=         "Finding solvable subsets of constraint graphs",
  editor=        "Smolka G.",
  booktitle=     "Springer LNCS 1330",
  pages=         "463--477"
}

@INPROCEEDINGS{hoffmann:5,
  author=        "C. M. Hoffmann and A. Lomonosov and M. Sitharam",
  year=          "1998",
  title=         "Geometric constraint decomposition",
  editor=        "Bruderlin B. and Roller D.",
  booktitle=     "Geometric Constr Solving and Appl",
  pages=         "170--195"
}

@ARTICLE{cassiano,
  author=        "C. Durand and C. M. Hoffmann",
  year=          "2000",
  volume=        "30",
  title=         "A systematic framework for solving geometric constraints analytically",
  journal=       "JSC",
  pages=         "493-520"
}

@INPROCEEDINGS{hoffmann:6,
  author=        "C. M. Hoffmann and B. Yuan",
  year=          "2000",
  title=         "On spatial constraint solving approaches",
  booktitle=     "Proc. ADG 2000, ETH Zurich",
  pages=         "in press"
}

@ARTICLE{hoffmann:7,
  author=        "C. M. Hoffmann and A. Lomonosov and M. Sitharam",
  year=          "2001",
  volume=        "31",
  title=         "Decomposition plans for geometric constraint problems, {Part I}: performance measures for {CAD}",
  journal=       "JSC",
  pages=         "367-408"
}

@ARTICLE{hoffmann:8,
  author=        "C. M. Hoffmann and A. Lomonosov and M. Sitharam",
  year=          "2001",
  volume=        "31",
  title=         "Decomposition plans for geometric constraint problems, {Part II}: new algorithms",
  journal=       "JSC",
  pages=         "409-428"
}

@ARTICLE{hoffmann:9,
  author=        "C. M. Hoffmann and C. S. Chiang",
  year=          "2001",
  volume=        "33",
  title=         "Variable-radius circles in cluster merging, {Part I}: translational clusters",
  journal=       "CAD",
  pages=         "in press"
}

@ARTICLE{hoffmann:10,
  author=        "C. M. Hoffmann and C. S. Chiang",
  year=          "2001",
  volume=        "33",
  title=         "Variable-radius circles in cluster merging, {Part II}: rotational clusters",
  journal=       "CAD",
  pages=         "in press"
}

@ARTICLE{gao:1,
  author=        "X. S. Gao and S. C. Chou",
  year=          "1998",
  volume=        "30",
  title=         "Solving geometric constraint systems. {I}. A global propagation approach",
  journal=       "CAD",
  pages=         "47--54"
}

@ARTICLE{gao:2,
  author=        "X. S. Gao and S. C. Chou",
  year=          "1998",
  volume=        "30",
  title=         "Solving geometric constraint systems. {II}. A symbolic approach and decision of rc-constructibility",
  journal=       "CAD",
  pages=         "115--122"
}

@Book{yuan,
  author =		 "B. Yuan",
  publisher =	 "Ph.D. thesis, Dept. of Computer Science and technology, Tsinghua University, China",
  month =		 "November",
  title	=		 "Research and implementation of geometric constraint solving technology",
  year =		 "1999"
}
@misc{EASALvideo,
  author = "M.~Sitharam and J.~XXX ",
  title = "EASAL video",
   url = "http://www.cise.ufl.edu/research/SurfLab/EASALvideo.mpg"
}

@incollection{GregoryS201199,
    title = "Chapter four -- Modeling Loop Entropy",
    editor = "Michael L. Johnson and Ludwig Brand",
    booktitle = "Computer Methods Part C",
    publisher = "Academic Press",
    year = "2011",
    volume = "487",
    pages = "99 -- 132",
    series = "Methods in Enzymology",
    author = "Gregory S. and Chirikjian"
}


