@article{Arkus2009,
annote = {calculate the ground states of hard-sphere clusters},
author = {Arkus, Natalie and Manoharan, Vinothan and Brenner, Michael},
doi = {10.1103/PhysRevLett.103.118303},
issn = {0031-9007},
journal = {Physical Review Letters},
month = sep,
number = {11},
pages = {118303},
title = {{Minimal Energy Clusters of Hard Spheres with Short Range Attractions}},
volume = {103},
year = {2009}
}
@article{Wales2010,
author = {Wales, David J},
doi = {10.1002/cphc.201000233},
issn = {1439-7641},
journal = {Chemphyschem : a European journal of chemical physics and physical chemistry},
month = aug,
number = {12},
pages = {2491--4},
pmid = {20544780},
title = {{Energy landscapes of clusters bound by short-ranged potentials.}},
volume = {11},
year = {2010}
}
@misc{Beltran-Villegas2011,
author = {Beltran-Villegas, Daniel J. and Bevan, Michael A.},
booktitle = {Soft Matter},
doi = {10.1039/c0sm01526a},
isbn = {1744-683X},
issn = {1744-683X},
number = {7},
pages = {3280},
title = {{Free energy landscapes for colloidal crystal assembly}},
volume = {7},
year = {2011}
}
@article{Khan2012,
author = {Khan, Siddique J and Weaver, O L and Sorensen, C M and Chakrabarti, A},
doi = {10.1021/la303894s},
issn = {1520-5827},
journal = {Langmuir : the ACS journal of surfaces and colloids},
month = nov,
number = {46},
pages = {16015--21},
pmid = {23072652},
publisher = {American Chemical Society},
title = {{Nucleation in short-range attractive colloids: ordering and symmetry of clusters.}},
volume = {28},
year = {2012}
}
@article{Hoy2012,
author = {Hoy, Robert S. and Harwayne-Gidansky, Jared and Oâ€™Hern, Corey S.},
doi = {10.1103/PhysRevE.85.051403},
issn = {1539-3755},
journal = {Physical Review E},
month = may,
number = {5},
pages = {051403},
title = {{Structure of finite sphere packings via exact enumeration: Implications for colloidal crystal nucleation}},
volume = {85},
year = {2012}
}
@article{Hoy2014,
archivePrefix = {arXiv},
arxivId = {1407.3889},
author = {Hoy, Robert S.},
eprint = {1407.3889},
month = jul,
title = {{Structure and dynamics of model colloidal clusters with short-range attractions}},
url = {http://arxiv.org/abs/1407.3889},
year = {2014}
}
