@phdthesis{cheng,
author = {Jialong Cheng},
title= {Combinatorial characterization of rigidity and applications},
year = 2013,
publisher = {University of Florida, PhD Thesis},
url = {http://uf.catalog.fcla.edu/permalink.jsp?20UF033000431}
}

@thesis{ugandhar,
  author = {Ugandhar Reddy Chittamuru},
  title = {Efficient Bounds For 3D Cayley Configuration Space Of Partial 2-Trees},
  year = {2010},
  publisher = {University of Florida, Master's Thesis},
  url = {http://uf.catalog.fcla.edu/permalink.jsp?20UF021643047}
}

@article{Holmes-Cerfon2013,
annote = {six-sphere paper},
author = {Holmes-Cerfon, Miranda and Gortler, Steven J and Brenner, Michael P},
doi = {10.1073/pnas.1211720110},
issn = {1091-6490},
journal = {Proceedings of the National Academy of Sciences of the United States of America},
keywords = {Biophysical Processes,Biophysical Processes: physiology,Carboxylic Acids,Carboxylic Acids: chemistry,Colloids,Colloids: chemistry,Complementary,Complementary: chemistry,DNA,Fullerenes,Fullerenes: chemistry,Kinetics,Models,Theoretical},
mendeley-groups = {EASEL},
month = jan,
number = {1},
pages = {E5--14},
pmid = {23248296},
title = {{A geometrical approach to computing free-energy landscapes from short-ranged potentials.}},
volume = {110},
year = {2013}
}

@article{Hagen1993,
annote = {sticky sphere, c60},
author = {Hagen, M. H. J. and Meijer, E. J. and Mooij, G. C. A. M. and Frenkel, D. and Lekkerkerker, H. N. W.},
doi = {10.1038/365425a0},
issn = {0028-0836},
journal = {Nature},
mendeley-groups = {EASEL},
month = sep,
number = {6445},
pages = {425--426},
shorttitle = {Nature},
title = {{Does C60 have a liquid phase?}},
url = {http://dx.doi.org/10.1038/365425a0},
volume = {365},
year = {1993}
}
@article{Doye1996,
annote = {sticky sphere, c60},
author = {Doye, Jonathan P.K. and Wales, David J.},
doi = {10.1016/0009-2614(96)01039-1},
issn = {00092614},
journal = {Chemical Physics Letters},
mendeley-groups = {EASEL},
month = nov,
number = {1-2},
pages = {167--174},
title = {{The structure of (C60)N clusters}},
volume = {262},
year = {1996}
}
@article{Meng2010,
author = {Meng, Guangnan and Arkus, Natalie and Brenner, Michael P. and
Manoharan, Vinothan N.},
doi = {10.1126/science.1181263},
issn = {1095-9203},
journal = {Science (New York, N.Y.)},
month = jan,
number = {5965},
pages = {560--3},
pmid = {20110500},
title = {{The free-energy landscape of clusters of attractive hard spheres.}},
volume = {327},
year = {2010}
}
@article{Gazzillo2006,
annote = {sticky sphere},
author = {Gazzillo, Domenico and Giacometti, Achille and Fantoni, Riccardo and Sollich, Peter},
doi = {10.1103/PhysRevE.74.051407},
issn = {1539-3755},
journal = {Physical Review E},
mendeley-groups = {EASEL},
month = nov,
number = {5},
pages = {051407},
title = {{Multicomponent adhesive hard sphere models and short-ranged
attractive interactions in colloidal or micellar solutions}},
volume = {74},
year = {2006}
}

@misc{easalvid,
title = { EASAL video },
author = { EASAL video authors },
year = "2011",
url = "http://www.cise.ufl.edu/~sitharam/EASALvideo.mpg",
}

@unpublished{Ozkan2014MainEasal,
author = {Sitharam, Meera and Ozkan, Aysegul and Wu, Ruijin},
title = {Efficient Atlasing and Sampling of Assembly Free Energy Landscapes
using EASAL: Stratification and Convexification via Customized Cayley
Parametrization},
year = {2014},
note = {(on arxiv, manuscript under review)}
}

@unpublished{Ozkan2014Jacobian,
author = {Ozkan, Aysegul and Sitharam, Meera},
title = {Best of Both Worlds: Uniform sampling in Cartesian and Cayley
Molecular Assembly Configuration Space
},
year = {2014},
note = {(on arxiv, manuscript under review)}
}


@unpublished{Ozkan2014MC,
author = {Ozkan, Aysegul and Flores-Canales, JC and Kurnikova, Maria 
 and Sitharam, Meera},
title = {Geometrical Algorithm For Enhanced Sampling of Compact
   Configurations in Protein Docking Problem},
year = {2014},
note = {(on arxiv, manuscript under review)}
}

@inproceedings{Wu2014Virus,
 author = {Wu, Ruijin and Ozkan, Aysegul and Bennett, Antonette and Agbandje-Mckenna, Mavis and Sitharam, Meera},
 title = {Robustness Measure for an Adeno-associated Viral Shell Self-assembly is Accurately Predicted by Configuration Space Atlasing Using EASAL},
 booktitle = {Proceedings of the ACM Conference on Bioinformatics, Computational Biology and Biomedicine},
 series = {BCB '12},
 year = {2012},
 isbn = {978-1-4503-1670-5},
 location = {Orlando, Florida},
 pages = {690--695},
 numpages = {6},
 url = {http://doi.acm.org/10.1145/2382936.2383061},
 doi = {10.1145/2382936.2383061},
 acmid = {2383061},
 publisher = {ACM},
 address = {New York, NY, USA}
} 


@inproceedings{Wu2012,
 author = {Wu, Ruijin and Ozkan, Aysegul and Bennett, Antonette and
    Agbandje-Mckenna, Mavis and Sitharam, Meera},
 title = {Robustness Measure for an Adeno-associated Viral Shell Self-assembly
    is Accurately Predicted by Configuration Space Atlasing Using EASAL},
 booktitle = {Proceedings of the ACM Conference on Bioinformatics,
    Computational Biology and Biomedicine},
 series = {BCB '12},
 year = {2012},
 location = {Orlando, Florida},
 pages = {690--695},
 numpages = {6},
 doi = {10.1145/2382936.2383061},
 acmid = {2383061},
 publisher = {ACM},
 address = {New York, NY, USA},
}


@inproceedings{Jaillet2011,
author = {Jaillet, L\'{e}onard and Porta, Josep Maria},
booktitle = {International Symposium on Robotics Research (ISRR)},
keywords = {Institut de Rob\`{o}tica i Inform\`{a}tica
Industrial,automatic
control,ciencia,investigacion,iri,kinematics,mobile
robotics,perception and
manipulation,research,robot,robotica,robotics,robots,science},
title = {{Path planning with loop closure constraints using an
atlas-based RRT}},
url = {http://www.iri.upc.edu/publications/show/1250},
year = {2011}
}

@article{Porta2007,
author = {Porta, Josep M and Ros, Llu\'{\i}s and Thomas, Federico and
Corcho, Francesc and Cant\'{o}, Josep and P\'{e}rez, Juan Jes\'{u}s},
doi = {10.1002/jcc.20733},
issn = {0192-8651},
journal = {Journal of computational chemistry},
mendeley-groups = {Cyclooctane},
month = oct,
number = {13},
pages = {2170--89},
pmid = {17450561},
title = {{Complete maps of molecular-loop conformational spaces.}},
url = {http://www.ncbi.nlm.nih.gov/pubmed/17450561},
volume = {28},
year = {2007}
}

@article{Martin2010,
author = {Martin, Shawn and Thompson, Aidan and Coutsias, Evangelos A
and Watson, Jean-Paul},
doi = {10.1063/1.3445267},
issn = {1089-7690},
journal = {The Journal of chemical physics},
keywords = {Cyclooctanes,Cyclooctanes:
chemistry,Models,Molecular,Molecular Conformation,Thermodynamics},
month = jun,
number = {23},
pages = {234115},
pmid = {20572697},
title = {{Topology of cyclo-octane energy landscape.}},
volume = {132},
year = {2010}
}
@inproceedings{Ozkan2011,
   author = {Ozkan, Aysegul and Sitharam, Meera},
   title = {EASAL: Efficient Atlasing, Analysis and Search of Molecular
   Assembly Landscapes},
   booktitle = { Proceedings of the ISCA 3rd International Conference on
   Bioinformatics and Computational Biology},
   series = {BICoB-2011},
   year = {2011},
   location = {New Orleans, Louisiana, USA},
}
@article{Sitharam:2012:EASAL,
  author    = {Sitharam, Meera  and
               Ozkan, Aysegul  and
               Pence, James  and
               Peters, J{\"o}rg },
  title     = {EASAL: Efficient Atlasing, Analysis and Search of Molecular
               Assembly Landscapes},
  journal   = {CoRR},
  volume    = {abs/1203.3811},
  year      = {2012},
  ee        = {http://arxiv.org/abs/1203.3811},
}
@article{Andricioaei_Karplus_2001, title={On the calculation of entropy from
    covariance matrices of the atomic fluctuations}, volume={115},
    number={14}, journal={The Journal of Chemical Physics},
    publisher={American Institute of Physics}, author={Andricioaei, Ioan and
        Karplus, Martin}, year={2001}, pages={6289}}


@article{Hnizdo_Tan_Killian_Gilson_2008, title={Efficient calculation of
    configurational entropy from molecular simulations by combining the
        mutual-information expansion and nearest-neighbor methods.},
    volume={29},
    number={10}, journal={Journal of Computational Chemistry},
    publisher={Wiley Online Library}, author={Hnizdo, Vladimir and Tan, Jun
        and Killian, Benjamin J and Gilson, Michael K}, year={2008},
    pages={1605--1614}}

@article{Hnizdo_Darian_Fedorowicz_Demchuk_Li_Singh_2007,
    title={Nearest-neighbor nonparametric method for estimating the
        configurational entropy of complex molecules.}, volume={28},
    url={http://www.ncbi.nlm.nih.gov/pubmed/17195154}, number={3},
    journal={Journal of Computational Chemistry}, publisher={Wiley Online
        Library}, author={Hnizdo, Vladimir and Darian, Eva and Fedorowicz,
            Adam and Demchuk, Eugene and Li, Shengqiao and Singh,
            Harshinder}, year={2007}, pages={655--668}}

@article{Hensen_Lange_Grubmuller_2010, title={Estimating Absolute
    Configurational Entropies of Macromolecules: The Minimally Coupled
        Subspace Approach}, volume={5},
    number={2}, journal={PLoS ONE}, publisher={Public Library of Science},
    author={Hensen, Ulf and Lange, Oliver F and Grubmüller, Helmut},
    editor={Langowski, JörgEditor}, year={2010}, pages={8}}

@article{Killian_Yundenfreund_Kravitz_Gilson_2007, title={Extraction of
    configurational entropy from molecular simulations via an expansion
        approximation.}, volume={127},
    number={2}, journal={The Journal of chemical physics}, publisher={AMER
        INST PHYSICS}, author={Killian, Benjamin J and Yundenfreund Kravitz,
            Joslyn and Gilson, Michael K}, year={2007}, pages={024107}}

@article{Head_Given_Gilson_1997,
   title={Mining Minima: Direct Computation of Conformational Free Energy},
   volume={101},
   url={http://pubs.acs.org/doi/abs/10.1021/jp963817g},
   number={8},
   journal={The Journal of Physical Chemistry A},
   publisher={ACS Publications},
   author={Head, Martha S and Given, James A and Gilson, Michael K},
   year={1997},
   pages={1609--1618}
}

@incollection{GregoryS201199,
    title = "Chapter four -- Modeling Loop Entropy",
    editor = "Michael L. Johnson and Ludwig Brand",
    booktitle = "Computer Methods Part C",
    publisher = "Academic Press",
    year = "2011",
    volume = "487",
    pages = "99 -- 132",
    series = "Methods in Enzymology",
    author = "Gregory S. Chirikjian"
}


@article{doi:10.1021/jp2068123,
	author = {Bracken M. King and Nathaniel W. Silver and Bruce Tidor},
	title = {Efficient Calculation of Molecular Configurational Entropies Using an Information Theoretic Approximation},
	journal = {The Journal of Physical Chemistry B},
	volume = {116},
	number = {9},
	pages = {2891-2904},
	year = {2012},
	doi = {10.1021/jp2068123},
	note ={PMID: 22229789},
	URL = { http://dx.doi.org/10.1021/jp2068123},
}





@article{kaku,
author ={M. Karplus and J.N. Kushick},
title = {Method for estimating the configurational entropy of macromolecules},
journal = {Macromolecules},
Volume = {14},
Number = {2},
pages ={325-332},
year= {1981},
}

@article{Arkus2009,
annote = {calculate the ground states of hard-sphere clusters},
author = {Arkus, Natalie and Manoharan, Vinothan and Brenner, Michael},
doi = {10.1103/PhysRevLett.103.118303},
issn = {0031-9007},
journal = {Physical Review Letters},
month = sep,
number = {11},
pages = {118303},
title = {{Minimal Energy Clusters of Hard Spheres with Short Range Attractions}},
volume = {103},
year = {2009}
}

@article{Wales2010,
author = {Wales, David J},
doi = {10.1002/cphc.201000233},
issn = {1439-7641},
journal = {Chemphyschem : a European journal of chemical physics and physical chemistry},
month = aug,
number = {12},
pages = {2491--4},
pmid = {20544780},
title = {{Energy landscapes of clusters bound by short-ranged potentials.}},
volume = {11},
year = {2010}
}

@article{Beltran-Villegas2011,
author = {Beltran-Villegas, Daniel J. and Bevan, Michael A.},
journal = {Soft Matter},
number = {7},
pages = {3280--3285},
title = {{Free energy landscapes for colloidal crystal assembly}},
volume = {7},
year = {2011},
doi = {10.1039/c0sm01526a},
isbn = {1744-683X},
issn = {1744-683X}
}

@article{Calvo2012,
annote = {compared in miranda's paper},
author = {Calvo, Florent and Doye, Jonathan P K and Wales, David J},
doi = {10.1039/c1nr10679a},
issn = {2040-3372},
journal = {Nanoscale},
language = {en},
month = feb,
number = {4},
pages = {1085--100},
pmid = {21979056},
publisher = {The Royal Society of Chemistry},
title = {{Energy landscapes of colloidal clusters: thermodynamics and rearrangement mechanisms.}},
volume = {4},
year = {2012}
}

@article{Khan2012,
author = {Khan, Siddique J and Weaver, O L and Sorensen, C M and Chakrabarti, A},
doi = {10.1021/la303894s},
issn = {1520-5827},
journal = {Langmuir : the ACS journal of surfaces and colloids},
month = nov,
number = {46},
pages = {16015--21},
pmid = {23072652},
publisher = {American Chemical Society},
title = {{Nucleation in short-range attractive colloids: ordering and symmetry of clusters.}},
volume = {28},
year = {2012}
}

@article{Hoy2012,
author = {Hoy, Robert S. and Harwayne-Gidansky, Jared and O’Hern, Corey S.},
doi = {10.1103/PhysRevE.85.051403},
issn = {1539-3755},
journal = {Physical Review E},
month = may,
number = {5},
pages = {051403},
title = {{Structure of finite sphere packings via exact enumeration: Implications for colloidal crystal nucleation}},
volume = {85},
year = {2012}
}

@article{Hoy2014,
archivePrefix = {arXiv},
arxivId = {1407.3889},
author = {Hoy, Robert S.},
eprint = {1407.3889},
month = jul,
title = {{Structure and dynamics of model colloidal clusters with short-range attractions}},
url = {http://arxiv.org/abs/1407.3889},
year = {2014}
}


@article{Gfeller_DeLachapelle_DeLos_Rios_Caldarelli_Rao_2007,
title={Uncovering the topology of configuration space networks.},
volume={76}, 
url={http://arxiv.org/abs/0704.2699}, number={2 Pt 2},
journal={Physical Review E - Statistical, Nonlinear and Soft Matter Physics},
publisher={APS},
author={Gfeller, David and De Lachapelle, David Morton and De Los Rios, Paolo and Caldarelli, Guido and Rao, Francesco},
year={2007},
pages={026113}}


@article{Gao,
  author    = {Meera Sitharam and Heping Gao},
  title     = {Characterizing graphs with convex and connected configuration spaces},
  journal   = {CoRR},
  volume    = {abs/0809.3935},
  year      = {2008},
  url       = {http://arxiv.org/abs/0809.3935},
  timestamp = {Mon, 05 Dec 2011 18:04:05 +0100},
  biburl    = {http://dblp.uni-trier.de/rec/bib/journals/corr/abs-0809-3935},
  bibsource = {dblp computer science bibliography, http://dblp.org}
}


@article{Kuo,
       author = {Kuo, Tzee-Char}, 
	   affiliation = {Department of Pure Mathematics Sydney University 2006 Sydney Australia},
		title = {On Thom-Whitney stratification theory}, 
		journal = {Mathematische Annalen}, 
		publisher = {Springer Berlin / Heidelberg}, 
		issn = {0025-5831}, 
		keyword = {Mathematics and Statistics},
		pages = {97-107}, 
		volume = {234}, 
		issue = {2}, 
		url = {http://dx.doi.org/10.1007/BF01420960}, 
		note = {10.1007/BF01420960}, 
		year = {1978} 
}


@inproceedings{canny,
     author = {Canny, John F.},
      title = {Computing Roadmaps of General Semi-Algebraic Sets},
       booktitle = {AAECC-9: Proceedings of the 9th International Symposium, on Applied Algebra, Algebraic Algorithms and Error-Correcting Codes},
        year = {1991},
         isbn = {3-540-54522-0},
          pages = {94--107},
           publisher = {Springer-Verlag},
            address = {London, UK}
}


@InProceedings{rojas-nash,
  author =	 {J. Maurice Rojas},
  title =	 {A New Approach to Counting Nash Equilibria},
  booktitle =	 {Proceedings of the IEEE/IAFE Conference on Computational Intelligence for Financial Engineering },
  pages =	 {130--136},
  year =	 {1997}
}

@article {Jones463,
	author = {Jones, J. E.},
	title = {On the Determination of Molecular Fields. II. From the Equation of State of a Gas},
	volume = {106},
	number = {738},
	pages = {463--477},
	year = {1924},
	doi = {10.1098/rspa.1924.0082},
	publisher = {The Royal Society},
	issn = {0950-1207},
	URL = {http://rspa.royalsocietypublishing.org/content/106/738/463},
	eprint = {http://rspa.royalsocietypublishing.org/content/106/738/463.full.pdf},
	journal = {Proceedings of the Royal Society of London A: Mathematical, Physical and Engineering Sciences}
}


@Article{sym8010005,
AUTHOR = {Sitharam, Meera and Vince, Andrew and Wang, Menghan and B\'ona, Mikl\'os},
TITLE = {Symmetry in Sphere-Based Assembly Configuration Spaces},
JOURNAL = {Symmetry},
VOLUME = {8},
YEAR = {2016},
NUMBER = {1},
PAGES = {5},
URL = {http://www.mdpi.com/2073-8994/8/1/5},
ISSN = {2073-8994}
}


@Inbook{Duhovny2002,
		author="Duhovny, Dina
		and Nussinov, Ruth
		and Wolfson, Haim J.",
		editor="Guig{\'o}, Roderic
		and Gusfield, Dan",
		title="Efficient Unbound Docking of Rigid Molecules",
		bookTitle="Algorithms in Bioinformatics: Second International Workshop, WABI 2002 Rome, Italy, September 17--21, 2002 Proceedings",
		year="2002",
		publisher="Springer Berlin Heidelberg",
		address="Berlin, Heidelberg",
		pages="185--200",
		isbn="978-3-540-45784-8",
		doi="10.1007/3-540-45784-4_14",
		url="http://dx.doi.org/10.1007/3-540-45784-4_14"
}

@Article{pmid15980490,
	Author="Schneidman-Duhovny, D.  and Inbar, Y.  and Nussinov, R.  and Wolfson, H. J. ",
	Title="{{P}atch{D}ock and {S}ymm{D}ock: servers for rigid and symmetric docking}",
	Journal="Nucleic Acids Res.",
	Year="2005",
	Volume="33",
	Number="Web Server issue",
	Pages="W363--367", Month="Jul"
}

@Article{pmid1549581,
	Author="Katchalski-Katzir, E.  and Shariv, I.  and Eisenstein, M.  and Friesem, A. A.  and Aflalo, C.  and Vakser, I. A. ",
	Title="{{M}olecular surface recognition: determination of geometric fit between proteins and their ligands by correlation techniques}",
	Journal="Proc. Natl. Acad. Sci. U.S.A.",
	Year="1992",
	Volume="89",
	Number="6",
	Pages="2195--2199",
	Month="Mar"
}


@article{Rayaprolu15122013,
author = {Rayaprolu, Vamseedhar and Kruse, Shannon and Kant, Ravi and Venkatakrishnan, Balasubramanian and Movahed, Navid and Brooke, Dewey and Lins, Bridget and Bennett, Antonette and Potter, Timothy and McKenna, Robert and Agbandje-McKenna, Mavis and Bothner, Brian}, 
title = {Comparative Analysis of Adeno-Associated Virus Capsid Stability and Dynamics},
volume = {87}, 
number = {24}, 
pages = {13150-13160}, 
year = {2013}, 
doi = {10.1128/JVI.01415-13}, 
URL = {http://jvi.asm.org/content/87/24/13150.abstract}, 
eprint = {http://jvi.asm.org/content/87/24/13150.full.pdf+html}, 
journal = {Journal of Virology} 
}



@article{mutagenesis,
author = {Antonette Bennett},
year = {2012},
note = {Unpublished manuscript}
}

@INPROCEEDINGS{canny-alg, 
author={J. Canny}, 
booktitle={28th Annual Symposium on Foundations of Computer Science (sfcs 1987)}, 
title={A new algebraic method for robot motion planning and real geometry}, 
year={1987}, 
pages={39-48}, 
keywords={Artificial intelligence;Computational geometry;Contracts;Laboratories;Motion planning;Orbital robotics;Path planning;Polynomials;Robot motion;Space technology}, 
doi={10.1109/SFCS.1987.1}, 
ISSN={0272-5428}, 
month={Oct},}



@ARTICLE{kavraki1, 
author={L. E. Kavraki and M. N. Kolountzakis and J. C. Latombe}, 
journal={IEEE Transactions on Robotics and Automation}, 
title={Analysis of probabilistic roadmaps for path planning}, 
year={1998}, 
volume={14}, 
number={1}, 
pages={166-171}, 
doi={10.1109/70.660866}, 
ISSN={1042-296X}, 
month={Feb}
}

@ARTICLE{kavraki2, 
author={L. E. Kavraki and P. Svestka and J. C. Latombe and M. H. Overmars}, 
journal={IEEE Transactions on Robotics and Automation}, 
title={Probabilistic roadmaps for path planning in high-dimensional configuration spaces}, 
year={1996}, 
volume={12}, 
number={4}, 
pages={566-580}, 
doi={10.1109/70.508439}, 
ISSN={1042-296X}, 
month={Aug}
}



@article{basu,
author= {Saugata Basu and Richard Pollack and Marie-Françoise Roy},
title={Computing roadmaps of semi-algebraic sets on a variety},
Journal={ Journal of the American Mathematical Society},
year = {2000},
volume = {13},
pages={55-82}
}



@book{CombinatorialRigidity,
author = "Graver, Jack and Servatius, Brigitte and Servatius, Herman", 
title = "Combinatorial Rigidity Graduate Studies in Mathematics", 
publisher = "American Mathematical Society",
volume = "2",
year = "1993"
}

@article{unpublished,
author={Wu, Ruijin and Bennet, Antonette and Agbandje-Mckenna, Mavis and Sitharam, Meera},
title={Detecting Assembly Crucial Interactions for Viral capsid assembly using configuration space atlasing},
year={2015},
note={In preparation}
}

@misc{easalVideo,
author={Prabhu, Rahul and Baker, Troy and Sitharam, Meera},
title={Video Illustrating the Version of open source {EASAL} submitted to {ACM TOMS}},
url={https://cise.ufl.edu/~rprabhu/EASALvideo.mpg},
year={2016}
}

@misc{easalSoftware,
author={Ozkan, Aysegul and Prabhu, Rahul and Baker, Troy and Pence, James and Sitharam, Meera},
title={Efficient Atlasing and Search of Assembly Landscapes ({ACM TOMS} version)},
url={https://bitbucket.org/geoplexity/easal},
year={2016}
}

@article{maxwell,
author={James Clerk Maxwell},
title={On reciprocal figures and diagrams of forces},
journal={Philosophical Magazine}, 
volume={27},
pages={250--261}, 
year={1864}
}

@book{clrs,
 author = {Cormen, Thomas H. and Stein, Clifford and Rivest, Ronald L. and Leiserson, Charles E.},
 title = {Introduction to Algorithms},
 year = {2009},
 isbn = {0262033844},
 edition = {3rd},
 publisher = {McGraw-Hill Higher Education},
} 
