@article{Baryshnikov08022013,
author = {Baryshnikov, Yuliy and Bubenik, Peter and Kahle, Matthew},
title = {Min-Type Morse Theory for Configuration Spaces of Hard Spheres},
journal = {International Mathematics Research Notices},
volume = {2014},
number = {9},
pages = {2577},
year = {2014},
doi = {10.1093/imrn/rnt012},
URL = { + http://dx.doi.org/10.1093/imrn/rnt012},
eprint = {/oup/backfile/content_public/journal/imrn/2014/9/10.1093/imrn/rnt012/2/rnt012.pdf}
}




@Article{Kahle2011,
author="Kahle, Matthew",
title="Random Geometric Complexes",
journal="Discrete {\&} Computational Geometry",
year="2011",
volume="45",
number="3",
pages="553--573",
issn="1432-0444",
doi="10.1007/s00454-010-9319-3",
url="http://dx.doi.org/10.1007/s00454-010-9319-3"
}


@article{PhysRevE,
  title = {Computational topology for configuration spaces of hard disks},
  author = {Carlsson, Gunnar and Gorham, Jackson and Kahle, Matthew and Mason, Jeremy},
  journal = {Phys. Rev. E},
  volume = {85},
  issue = {1},
  pages = {011303},
  numpages = {8},
  year = {2012},
  month = {Jan},
  publisher = {American Physical Society},
  doi = {10.1103/PhysRevE.85.011303},
  url = {https://link.aps.org/doi/10.1103/PhysRevE.85.011303}
}


@article{Bubenik10statisticaltopology,
  title={Statistical topology via Morse theory persistence and nonparametric estimation},
  author={Bubenik, Peter and Carlsson, Gunnar and Kim, Peter T and Luo, Zhi-Ming},
  journal={Algebraic methods in statistics and probability II},
  volume={516},
  pages={75--92},
  year={2010},
  publisher={American Mathematical Soc.}
}



@Article{Kahle2012,
author="Kahle, Matthew",
title="Sparse Locally-Jammed Disk Packings",
journal="Annals of Combinatorics",
year="2012",
volume="16",
number="4",
pages="773--780",
issn="0219-3094",
doi="10.1007/s00026-012-0159-0",
url="http://dx.doi.org/10.1007/s00026-012-0159-0"
}


@article{Connelly:Jamming,
author = "Donev, Aleksandar and Torquato, Salvatore and Stillinger, Frank H. and Connelly, Robert",
title = "Jamming in hard sphere and disk packings",
journal = "Journal of Applied Physics",
volume = "95",
number = "3",
year = "2004"
}



@article{Bespamyatnikh,
  title={Accurate protein docking by shape complementarity alone},
  author={Bespamyatnikh, Sergei and Choi, Vicky and Edelsbrunner, Herbert and Rudolph, Johannes},
  journal={Manuscript, Duke Univ., Durham, NC},
  year={2004}
}


@inproceedings{Choi2004,
  title={Local search heuristic for rigid protein docking},
  author={Choi, Vicky and Agarwal, Pankaj K and Edelsbrunner, Herbert and Rudolph, Johannes},
  booktitle={International Workshop on Algorithms in Bioinformatics},
  pages={218--229},
  year={2004},
  organization={Springer}
}
